Region,Country,Item Type,Rep Name,Sales Channel,Order Priority,Order Date,Order ID,Ship Date,Units Sold,Unit Price,Unit Cost,Total Revenue,Total Cost,Total Profit,Order_Year,Order_Month
Middle East and North Africa,Libya,Cosmetics,Lauren Marshall,Offline,M,10/18/2014,6.87E+08,10/31/2014,8446,437.2,263.33,3692591.2,2224085.18,1468506.02,2014,10
North America,Canada,Vegetables,Evan Vaughan,Online,M,11/7/2011,1.86E+08,12/8/2011,3018,154.06,90.93,464953.08,274426.74,190526.34,2011,11
Middle East and North Africa,Libya,Baby Food,Sean Glover,Offline,C,10/31/2016,2.46E+08,12/9/2016,1517,255.28,159.42,387259.76,241840.14,145419.62,2016,10
Asia,Japan,Cereal,Amy Hemmings,Offline,C,4/10/2010,1.61E+08,5/12/2010,3322,205.7,117.11,683335.4,389039.42,294295.98,2010,4
Sub-Saharan Africa,Chad,Fruits,Jack MacLeod,Offline,H,8/16/2011,6.46E+08,8/31/2011,9845,9.33,6.92,91853.85,68127.4,23726.45,2011,8
Europe,Armenia,Cereal,Piers MacLeod,Online,H,11/24/2014,6.83E+08,12/28/2014,9528,205.7,117.11,1959909.6,1115824.08,844085.52,2014,11
Sub-Saharan Africa,Eritrea,Cereal,Diana Black,Online,H,3/4/2015,6.79E+08,4/17/2015,2844,205.7,117.11,585010.8,333060.84,251949.96,2015,3
Europe,Montenegro,Clothes,Liam Wilkins,Offline,M,5/17/2012,2.09E+08,6/28/2012,7299,109.28,35.84,797634.72,261596.16,536038.56,2012,5
Central America and the Caribbean,Jamaica,Vegetables,Justin Scott,Online,H,1/29/2015,2.66E+08,3/7/2015,2428,154.06,90.93,374057.68,220778.04,153279.64,2015,1
Australia and Oceania,Fiji,Vegetables,Trevor Hemmings,Offline,H,12/24/2013,1.19E+08,1/19/2014,4800,154.06,90.93,739488,436464,303024,2013,12
Sub-Saharan Africa,Togo,Clothes,Sam King,Online,M,12/29/2015,4.51E+08,1/19/2016,3012,109.28,35.84,329151.36,107950.08,221201.28,2015,12
Europe,Montenegro,Snacks,Karen Clark,Offline,M,2/27/2010,2.20E+08,3/18/2010,2694,152.58,97.44,411050.52,262503.36,148547.16,2010,2
Europe,Greece,Household,Molly Jackson,Online,C,11/17/2016,7.02E+08,12/22/2016,1508,668.27,502.54,1007751.16,757830.32,249920.84,2016,11
Sub-Saharan Africa,Sudan,Cosmetics,Irene Hill,Online,C,12/20/2015,5.44E+08,1/5/2016,4146,437.2,263.33,1812631.2,1091766.18,720865.02,2015,12
Asia,Maldives,Fruits,Katherine Scott,Offline,L,1/8/2011,7.14E+08,2/6/2011,7332,9.33,6.92,68407.56,50737.44,17670.12,2011,1
Europe,Montenegro,Clothes,Robert Davies,Offline,H,6/28/2010,4.49E+08,7/22/2010,4820,109.28,35.84,526729.6,172748.8,353980.8,2010,6
Europe,Estonia,Office Supplies,Nicholas McLean,Online,H,4/25/2016,4.06E+08,5/12/2016,2397,651.21,524.96,1560950.37,1258329.12,302621.25,2016,4
North America,Greenland,Beverages,Victor Reid,Online,M,7/27/2012,4.14E+08,8/7/2012,2880,47.45,31.79,136656,91555.2,45100.8,2012,7
Sub-Saharan Africa,Cape Verde,Clothes,Jan Dyer,Online,C,9/8/2014,8.22E+08,10/3/2014,1117,109.28,35.84,122065.76,40033.28,82032.48,2014,9
Sub-Saharan Africa,Senegal,Household,Jan Johnston,Offline,L,8/27/2012,2.48E+08,9/8/2012,8989,668.27,502.54,6007079.03,4517332.06,1489746.97,2012,8
Australia and Oceania,Federated States of Micronesia,Snacks,Gavin Gill,Online,C,9/3/2012,5.31E+08,10/15/2012,407,152.58,97.44,62100.06,39658.08,22441.98,2012,9
Europe,Bulgaria,Clothes,Rose Paige,Online,L,8/27/2010,8.81E+08,9/16/2010,6313,109.28,35.84,689884.64,226257.92,463626.72,2010,8
Middle East and North Africa,Algeria,Personal Care,Christian Short,Online,H,2/20/2011,1.27E+08,3/9/2011,9681,81.73,56.67,791228.13,548622.27,242605.86,2011,2
Asia,Mongolia,Clothes,Hannah Lambert,Online,L,12/12/2015,7.70E+08,1/24/2016,515,109.28,35.84,56279.2,18457.6,37821.6,2015,12
Central America and the Caribbean,Grenada,Cereal,Connor Terry,Online,H,10/28/2012,4.30E+08,11/13/2012,852,205.7,117.11,175256.4,99777.72,75478.68,2012,10
Central America and the Caribbean,Grenada,Beverages,Penelope Tucker,Online,M,1/30/2017,3.98E+08,3/20/2017,9759,47.45,31.79,463064.55,310238.61,152825.94,2017,1
Sub-Saharan Africa,Senegal,Beverages,Peter Pullman,Offline,M,10/22/2014,6.84E+08,11/4/2014,8334,47.45,31.79,395448.3,264937.86,130510.44,2014,10
North America,Greenland,Fruits,Jessica Poole,Offline,M,1/31/2012,4.70E+08,2/22/2012,4709,9.33,6.92,43934.97,32586.28,11348.69,2012,1
Sub-Saharan Africa,Chad,Meat,Amelia Black,Offline,H,1/20/2016,3.57E+08,3/9/2016,9043,421.89,364.69,3815151.27,3297891.67,517259.6,2016,1
Sub-Saharan Africa,Mauritius,Personal Care,Claire Clark,Online,C,1/1/2016,1.18E+08,1/7/2016,8529,81.73,56.67,697075.17,483338.43,213736.74,2016,1
Middle East and North Africa,Morocco,Beverages,Amy Alsop,Offline,C,6/1/2017,9.44E+08,6/23/2017,2391,47.45,31.79,113452.95,76009.89,37443.06,2017,6
Central America and the Caribbean,Honduras,Office Supplies,Steven Blake,Online,H,6/30/2015,4.99E+08,7/9/2015,6884,651.21,524.96,4482929.64,3613824.64,869105,2015,6
Sub-Saharan Africa,Benin,Fruits,Angela Welch,Online,L,1/28/2014,5.65E+08,3/16/2014,293,9.33,6.92,2733.69,2027.56,706.13,2014,1
Europe,Greece,Baby Food,Thomas Hill,Offline,M,4/8/2014,2.94E+08,4/8/2014,7937,255.28,159.42,2026157.36,1265316.54,760840.82,2014,4
Central America and the Caribbean,Jamaica,Beverages,Carolyn Arnold,Offline,L,9/4/2010,2.62E+08,10/24/2010,7163,47.45,31.79,339884.35,227711.77,112172.58,2010,9
Sub-Saharan Africa,Equatorial Guinea,Office Supplies,Joanne Wallace,Online,M,5/2/2010,2.11E+08,5/14/2010,2352,651.21,524.96,1531645.92,1234705.92,296940,2010,5
Sub-Saharan Africa,Swaziland,Office Supplies,Tim Miller,Offline,H,10/3/2013,4.06E+08,10/22/2013,9915,651.21,524.96,6456747.15,5204978.4,1251768.75,2013,10
Central America and the Caribbean,Trinidad and Tobago,Vegetables,Brandon Duncan,Offline,M,3/6/2011,2.80E+08,4/14/2011,3294,154.06,90.93,507473.64,299523.42,207950.22,2011,3
Europe,Sweden,Baby Food,Richard White,Online,L,8/7/2016,6.90E+08,8/12/2016,7963,255.28,159.42,2032794.64,1269461.46,763333.18,2016,8
Europe,Belarus,Office Supplies,Theresa Hunter,Online,L,1/11/2011,7.59E+08,2/18/2011,6426,651.21,524.96,4184675.46,3373392.96,811282.5,2011,1
Sub-Saharan Africa,Guinea-Bissau,Office Supplies,Joanne Mathis,Offline,C,5/21/2014,1.34E+08,6/12/2014,3221,651.21,524.96,2097547.41,1690896.16,406651.25,2014,5
Asia,Mongolia,Beverages,Alan Carr,Online,M,8/3/2013,3.29E+08,9/2/2013,9913,47.45,31.79,470371.85,315134.27,155237.58,2013,8
Middle East and North Africa,Turkey,Meat,Michael Newman,Online,L,10/5/2011,6.81E+08,11/20/2011,103,421.89,364.69,43454.67,37563.07,5891.6,2011,10
Sub-Saharan Africa,Central African Republic,Snacks,Benjamin Pullman,Offline,L,11/15/2016,5.97E+08,12/30/2016,4419,152.58,97.44,674251.02,430587.36,243663.66,2016,11
Sub-Saharan Africa,Equatorial Guinea,Office Supplies,Carl Vaughan,Offline,L,4/3/2015,9.02E+08,4/17/2015,5523,651.21,524.96,3596632.83,2899354.08,697278.75,2015,4
Asia,Laos,Beverages,John Harris,Online,M,3/22/2013,6.93E+08,4/21/2013,3107,47.45,31.79,147427.15,98771.53,48655.62,2013,3
Europe,Armenia,Meat,Kimberly MacDonald,Online,C,8/2/2010,4.89E+08,9/1/2010,8896,421.89,364.69,3753133.44,3244282.24,508851.2,2010,8
Europe,Greece,Household,Emma Duncan,Online,L,1/5/2012,8.76E+08,2/15/2012,1643,668.27,502.54,1097967.61,825673.22,272294.39,2012,1
Middle East and North Africa,Israel,Personal Care,Jack Lee,Offline,H,8/26/2015,2.63E+08,8/30/2015,2135,81.73,56.67,174493.55,120990.45,53503.1,2015,8
Asia,Bhutan,Meat,Theresa Campbell,Online,H,12/9/2016,7.27E+08,1/26/2017,8189,421.89,364.69,3454857.21,2986446.41,468410.8,2016,12
Australia and Oceania,Vanuatu,Vegetables,Ella Abraham,Online,L,5/17/2012,3.67E+08,5/31/2012,9654,154.06,90.93,1487295.24,877838.22,609457.02,2012,5
Sub-Saharan Africa,Burundi,Vegetables,Alexandra Allan,Online,M,11/17/2010,9.51E+08,12/20/2010,3410,154.06,90.93,525344.6,310071.3,215273.3,2010,11
Europe,Ukraine,Cosmetics,Jane Arnold,Online,M,11/13/2014,2.70E+08,1/1/2015,8368,437.2,263.33,3658489.6,2203545.44,1454944.16,2014,11
Europe,Croatia,Beverages,Gavin Oliver,Online,C,6/16/2016,6.82E+08,7/28/2016,470,47.45,31.79,22301.5,14941.3,7360.2,2016,6
Sub-Saharan Africa,Madagascar,Fruits,Dan Brown,Online,L,5/31/2016,5.67E+08,6/7/2016,7690,9.33,6.92,71747.7,53214.8,18532.9,2016,5
Asia,Malaysia,Snacks,Bella Jones,Offline,M,10/6/2012,1.75E+08,11/5/2012,5033,152.58,97.44,767935.14,490415.52,277519.62,2012,10
Asia,Uzbekistan,Office Supplies,Bella Coleman,Offline,L,3/10/2012,2.77E+08,3/15/2012,9535,651.21,524.96,6209287.35,5005493.6,1203793.75,2012,3
Europe,Italy,Office Supplies,Bernadette Nash,Online,M,1/26/2011,8.12E+08,2/13/2011,5263,651.21,524.96,3427318.23,2762864.48,664453.75,2011,1
Asia,Nepal,Vegetables,Richard Bell,Offline,C,6/2/2014,4.43E+08,6/19/2014,8316,154.06,90.93,1281162.96,756173.88,524989.08,2014,6
Australia and Oceania,Fiji,Personal Care,Pippa Kelly,Offline,H,12/17/2016,6.00E+08,1/25/2017,1824,81.73,56.67,149075.52,103366.08,45709.44,2016,12
Europe,Portugal,Office Supplies,Jane Clarkson,Online,L,6/27/2014,5.36E+08,7/29/2014,949,651.21,524.96,617998.29,498187.04,119811.25,2014,6
Central America and the Caribbean,Panama,Cosmetics,Gabrielle Lyman,Offline,H,3/17/2015,4.71E+08,4/22/2015,7881,437.2,263.33,3445573.2,2075303.73,1370269.47,2015,3
Europe,Belarus,Beverages,Dylan Lyman,Offline,L,4/3/2013,2.48E+08,4/4/2013,6846,47.45,31.79,324842.7,217634.34,107208.36,2013,4
Sub-Saharan Africa,Botswana,Clothes,Owen Howard,Offline,C,3/8/2015,6.81E+08,3/25/2015,9097,109.28,35.84,994120.16,326036.48,668083.68,2015,3
Sub-Saharan Africa,Tanzania,Personal Care,Michael Butler,Online,M,6/21/2013,4.00E+08,7/29/2013,7921,81.73,56.67,647383.33,448883.07,198500.26,2013,6
Europe,Romania,Office Supplies,Richard Ross,Offline,C,1/6/2013,8.11E+08,1/8/2013,3636,651.21,524.96,2367799.56,1908754.56,459045,2013,1
Sub-Saharan Africa,Mali,Cereal,Austin Parsons,Online,L,3/17/2012,2.36E+08,4/3/2012,8590,205.7,117.11,1766963,1005974.9,760988.1,2012,3
Sub-Saharan Africa,Central African Republic,Office Supplies,Wanda Walsh,Offline,C,4/18/2014,6.69E+08,5/12/2014,2163,651.21,524.96,1408567.23,1135488.48,273078.75,2014,4
Sub-Saharan Africa,Niger,Baby Food,Harry Kelly,Online,M,1/3/2016,1.24E+08,2/1/2016,5766,255.28,159.42,1471944.48,919215.72,552728.76,2016,1
Europe,Austria,Office Supplies,Christopher Rampling,Online,L,5/12/2011,2.85E+08,6/8/2011,7841,651.21,524.96,5106137.61,4116211.36,989926.25,2011,5
Asia,India,Fruits,Tim Blake,Online,H,7/29/2010,6.58E+08,8/22/2010,8862,9.33,6.92,82682.46,61325.04,21357.42,2010,7
Europe,Luxembourg,Baby Food,Jennifer Lambert,Offline,L,8/2/2013,8.18E+08,8/19/2013,6335,255.28,159.42,1617198.8,1009925.7,607273.1,2013,8
Sub-Saharan Africa,Cape Verde,Beverages,Elizabeth Jackson,Offline,H,10/23/2013,8.59E+08,11/6/2013,9794,47.45,31.79,464725.3,311351.26,153374.04,2013,10
Europe,Sweden,Vegetables,Melanie Clarkson,Offline,M,2/5/2017,9.47E+08,2/19/2017,5808,154.06,90.93,894780.48,528121.44,366659.04,2017,2
Europe,Iceland,Meat,Max Cornish,Offline,H,3/20/2015,8.69E+08,4/17/2015,2975,421.89,364.69,1255122.75,1084952.75,170170,2015,3
Middle East and North Africa,Qatar,Personal Care,Alexander Gibson,Offline,L,5/6/2012,4.81E+08,5/8/2012,6925,81.73,56.67,565980.25,392439.75,173540.5,2012,5
Sub-Saharan Africa,South Sudan,Meat,Julia Ferguson,Online,C,9/30/2013,1.59E+08,10/1/2013,5319,421.89,364.69,2244032.91,1939786.11,304246.8,2013,9
Europe,United Kingdom,Office Supplies,Claire Mackay,Online,M,5/20/2014,3.50E+08,6/14/2014,2850,651.21,524.96,1855948.5,1496136,359812.5,2014,5
Middle East and North Africa,Tunisia,Cereal,Stephanie Lyman,Online,L,4/9/2010,2.22E+08,5/17/2010,6241,205.7,117.11,1283773.7,730883.51,552890.19,2010,4
North America,United States of America,Office Supplies,Austin McGrath,Online,C,6/9/2017,8.12E+08,7/19/2017,9247,651.21,524.96,6021738.87,4854305.12,1167433.75,2017,6
Sub-Saharan Africa,Liberia,Cereal,Alexander Clarkson,Online,L,2/8/2015,9.77E+08,3/29/2015,7653,205.7,117.11,1574222.1,896242.83,677979.27,2015,2
Sub-Saharan Africa,Eritrea,Snacks,Stephanie Ellison,Offline,L,1/25/2010,5.47E+08,2/10/2010,4279,152.58,97.44,652889.82,416945.76,235944.06,2010,1
Asia,South Korea,Fruits,Charles Smith,Offline,L,3/7/2010,7.69E+08,3/17/2010,3972,9.33,6.92,37058.76,27486.24,9572.52,2010,3
Sub-Saharan Africa,Kenya,Clothes,Lauren Hill,Offline,M,1/3/2013,2.63E+08,2/8/2013,8611,109.28,35.84,941010.08,308618.24,632391.84,2013,1
Sub-Saharan Africa,Rwanda,Snacks,Julian Springer,Online,M,3/6/2017,8.67E+08,3/18/2017,2109,152.58,97.44,321791.22,205500.96,116290.26,2017,3
Central America and the Caribbean,Cuba,Beverages,Oliver Lawrence,Offline,C,1/9/2011,8.91E+08,2/23/2011,5408,47.45,31.79,256609.6,171920.32,84689.28,2011,1
Middle East and North Africa,Libya,Cereal,Lily Anderson,Offline,M,3/27/2014,9.64E+08,3/31/2014,1480,205.7,117.11,304436,173322.8,131113.2,2014,3
Europe,Czech Republic,Snacks,Gordon North,Online,C,6/28/2013,8.87E+08,8/17/2013,332,152.58,97.44,50656.56,32350.08,18306.48,2013,6
Europe,Montenegro,Beverages,Donna Campbell,Offline,M,9/4/2011,9.81E+08,9/4/2011,3999,47.45,31.79,189752.55,127128.21,62624.34,2011,9
Europe,Montenegro,Clothes,Ian Short,Offline,M,7/14/2016,7.35E+08,8/2/2016,1549,109.28,35.84,169274.72,55516.16,113758.56,2016,7
Asia,Philippines,Baby Food,Warren Jones,Online,L,2/23/2014,1.60E+08,3/23/2014,4079,255.28,159.42,1041287.12,650274.18,391012.94,2014,2
Central America and the Caribbean,El Salvador,Clothes,Robert Welch,Offline,L,8/7/2010,2.39E+08,9/13/2010,9721,109.28,35.84,1062310.88,348400.64,713910.24,2010,8
Australia and Oceania,Tonga,Household,Elizabeth Smith,Online,M,1/14/2013,6.72E+08,2/6/2013,8635,668.27,502.54,5770511.45,4339432.9,1431078.55,2013,1
Sub-Saharan Africa,Democratic Republic of the Congo,Personal Care,Neil Mackay,Offline,H,9/30/2010,3.32E+08,11/17/2010,8014,81.73,56.67,654984.22,454153.38,200830.84,2010,9
Middle East and North Africa,Afghanistan,Cereal,Andrea Dowd,Online,M,10/13/2016,4.10E+08,11/20/2016,7081,205.7,117.11,1456561.7,829255.91,627305.79,2016,10
Australia and Oceania,Tuvalu,Snacks,Jonathan Brown,Offline,L,3/16/2011,3.70E+08,3/23/2011,2091,152.58,97.44,319044.78,203747.04,115297.74,2011,3
Sub-Saharan Africa,Sudan,Fruits,Adrian Burgess,Online,L,12/26/2012,1.94E+08,1/31/2013,1331,9.33,6.92,12418.23,9210.52,3207.71,2012,12
Sub-Saharan Africa,Niger,Clothes,Julian Parr,Online,M,9/2/2015,8.35E+08,10/9/2015,117,109.28,35.84,12785.76,4193.28,8592.48,2015,9
Sub-Saharan Africa,Gabon,Household,Joe McGrath,Offline,C,11/11/2013,1.67E+08,12/24/2013,5798,668.27,502.54,3874629.46,2913726.92,960902.54,2013,11
Australia and Oceania,East Timor,Vegetables,Edward Blake,Offline,C,8/4/2014,6.34E+08,8/22/2014,2755,154.06,90.93,424435.3,250512.15,173923.15,2014,8
North America,United States of America,Clothes,Victor North,Offline,C,10/21/2010,6.99E+08,12/7/2010,7398,109.28,35.84,808453.44,265144.32,543309.12,2010,10
Middle East and North Africa,Jordan,Vegetables,Bella Blake,Offline,L,6/13/2015,6.98E+08,7/29/2015,3170,154.06,90.93,488370.2,288248.1,200122.1,2015,6
Europe,Cyprus,Snacks,Boris Gibson,Offline,H,3/29/2012,5.85E+08,5/18/2012,5544,152.58,97.44,845903.52,540207.36,305696.16,2012,3
Sub-Saharan Africa,Malawi,Vegetables,Megan Hunter,Online,L,6/22/2012,3.84E+08,7/19/2012,7025,154.06,90.93,1082271.5,638783.25,443488.25,2012,6
Europe,Iceland,Personal Care,Max Lyman,Online,M,5/10/2013,6.42E+08,5/24/2013,2149,81.73,56.67,175637.77,121783.83,53853.94,2013,5
Middle East and North Africa,Israel,Personal Care,Jan Tucker,Online,M,12/10/2016,1.74E+08,1/11/2017,2484,81.73,56.67,203017.32,140768.28,62249.04,2016,12
Middle East and North Africa,United Arab Emirates,Snacks,Phil King,Offline,H,3/20/2011,1.15E+08,4/6/2011,1629,152.58,97.44,248552.82,158729.76,89823.06,2011,3
Asia,China,Cosmetics,Christian Lee,Offline,L,9/22/2011,7.73E+08,11/4/2011,213,437.2,263.33,93123.6,56089.29,37034.31,2011,9
Sub-Saharan Africa,Kenya,Beverages,Una Watson,Online,M,5/11/2012,2.74E+08,6/26/2012,897,47.45,31.79,42562.65,28515.63,14047.02,2012,5
Middle East and North Africa,Somalia,Clothes,Michelle Slater,Offline,M,11/15/2011,4.15E+08,11/17/2011,3374,109.28,35.84,368710.72,120924.16,247786.56,2011,11
Australia and Oceania,Tonga,Beverages,Wendy Nolan,Offline,L,1/27/2010,8.13E+08,1/29/2010,9367,47.45,31.79,444464.15,297776.93,146687.22,2010,1
Asia,Bangladesh,Baby Food,Jacob Lee,Online,H,8/17/2011,2.55E+08,9/7/2011,7632,255.28,159.42,1948296.96,1216693.44,731603.52,2011,8
Middle East and North Africa,Egypt,Beverages,Edward Powell,Offline,M,9/6/2014,7.50E+08,10/26/2014,8954,47.45,31.79,424867.3,284647.66,140219.64,2014,9
Sub-Saharan Africa,Eritrea,Cereal,Jonathan Marshall,Offline,C,9/3/2014,7.75E+08,9/19/2014,1150,205.7,117.11,236555,134676.5,101878.5,2014,9
Sub-Saharan Africa,Swaziland,Office Supplies,Angela Butler,Online,H,9/5/2015,2.30E+08,9/18/2015,4071,651.21,524.96,2651075.91,2137112.16,513963.75,2015,9
Asia,Vietnam,Baby Food,Tracey Davies,Online,C,6/20/2011,8.82E+08,7/11/2011,4594,255.28,159.42,1172756.32,732375.48,440380.84,2011,6
Australia and Oceania,Marshall Islands,Snacks,Una Henderson,Online,L,1/12/2012,5.21E+08,2/14/2012,1632,152.58,97.44,249010.56,159022.08,89988.48,2012,1
Asia,Taiwan,Household,Yvonne Black,Online,C,1/23/2017,6.07E+08,2/22/2017,1127,668.27,502.54,753140.29,566362.58,186777.71,2017,1
Europe,Ireland,Vegetables,Nicola Kerr,Online,M,3/4/2012,4.19E+08,3/12/2012,1052,154.06,90.93,162071.12,95658.36,66412.76,2012,3
Sub-Saharan Africa,Rwanda,Meat,Hannah Henderson,Offline,H,7/18/2010,2.08E+08,7/18/2010,6413,421.89,364.69,2705580.57,2338756.97,366823.6,2010,7
Europe,Sweden,Snacks,Evan Stewart,Online,M,4/12/2011,7.42E+08,4/15/2011,4245,152.58,97.44,647702.1,413632.8,234069.3,2011,4
Sub-Saharan Africa,Gabon,Snacks,Anthony Welch,Offline,M,10/3/2010,1.65E+08,10/5/2010,8615,152.58,97.44,1314476.7,839445.6,475031.1,2010,10
Sub-Saharan Africa,South Africa,Baby Food,Elizabeth Clark,Online,L,12/29/2013,7.35E+08,2/12/2014,5624,255.28,159.42,1435694.72,896578.08,539116.64,2013,12
Europe,United Kingdom,Clothes,Karen Avery,Offline,C,9/19/2015,2.85E+08,10/7/2015,8399,109.28,35.84,917842.72,301020.16,616822.56,2015,9
Europe,Albania,Fruits,Sally Pullman,Offline,M,9/17/2011,7.66E+08,10/7/2011,2104,9.33,6.92,19630.32,14559.68,5070.64,2011,9
Asia,Malaysia,Snacks,Eric Clarkson,Offline,H,3/11/2010,6.00E+08,4/21/2010,8929,152.58,97.44,1362386.82,870041.76,492345.06,2010,3
Sub-Saharan Africa,Ghana,Household,Sebastian Abraham,Offline,L,11/10/2012,5.30E+08,12/11/2012,3098,668.27,502.54,2070300.46,1556868.92,513431.54,2012,11
Central America and the Caribbean,Cuba,Clothes,Joshua Lyman,Offline,H,2/16/2011,4.67E+08,3/18/2011,5867,109.28,35.84,641145.76,210273.28,430872.48,2011,2
Central America and the Caribbean,Saint Lucia,Cosmetics,Sebastian Anderson,Online,C,8/13/2012,8.45E+08,9/22/2012,522,437.2,263.33,228218.4,137458.26,90760.14,2012,8
Europe,Romania,Snacks,Oliver MacDonald,Offline,L,8/28/2014,3.67E+08,8/31/2014,7379,152.58,97.44,1125887.82,719009.76,406878.06,2014,8
Europe,Portugal,Office Supplies,Gabrielle Ball,Online,L,8/19/2015,9.56E+08,9/12/2015,8788,651.21,524.96,5722833.48,4613348.48,1109485,2015,8
Europe,Macedonia,Beverages,Fiona Ball,Online,C,3/20/2011,1.07E+08,5/4/2011,4129,47.45,31.79,195921.05,131260.91,64660.14,2011,3
Asia,China,Beverages,Stewart Sharp,Offline,C,4/16/2013,3.33E+08,5/7/2013,4811,47.45,31.79,228281.95,152941.69,75340.26,2013,4
Europe,Germany,Baby Food,Adam Davidson,Online,L,11/13/2015,6.18E+08,12/31/2015,9279,255.28,159.42,2368743.12,1479258.18,889484.94,2015,11
Europe,Ireland,Household,Robert Howard,Online,M,1/10/2014,4.69E+08,2/11/2014,8006,668.27,502.54,5350169.62,4023335.24,1326834.38,2014,1
Europe,Poland,Office Supplies,Sonia Johnston,Offline,M,4/9/2015,3.58E+08,4/29/2015,8496,651.21,524.96,5532680.16,4460060.16,1072620,2015,4
Sub-Saharan Africa,Namibia,Household,Faith Thomson,Online,H,1/7/2013,3.83E+08,1/27/2013,285,668.27,502.54,190456.95,143223.9,47233.05,2013,1
Asia,Uzbekistan,Personal Care,Una Scott,Offline,H,2/12/2013,7.08E+08,3/15/2013,9942,81.73,56.67,812559.66,563413.14,249146.52,2013,2
Sub-Saharan Africa,Zimbabwe,Meat,William Randall,Online,M,11/28/2014,2.19E+08,12/10/2014,6064,421.89,364.69,2558340.96,2211480.16,346860.8,2014,11
Asia,Mongolia,Meat,Isaac Bower,Offline,M,1/3/2015,5.73E+08,1/17/2015,4281,421.89,364.69,1806111.09,1561237.89,244873.2,2015,1
Europe,Norway,Personal Care,Lisa North,Online,H,2/3/2011,3.47E+08,3/22/2011,2256,81.73,56.67,184382.88,127847.52,56535.36,2011,2
Middle East and North Africa,Oman,Snacks,Warren Harris,Offline,M,4/9/2013,8.87E+08,4/21/2013,4679,152.58,97.44,713921.82,455921.76,258000.06,2013,4
Europe,Serbia,Cosmetics,Faith Ross,Online,H,7/26/2017,4.61E+08,8/19/2017,8275,437.2,263.33,3617830,2179055.75,1438774.25,2017,7
Sub-Saharan Africa,Democratic Republic of the Congo,Fruits,Olivia Churchill,Offline,H,4/15/2017,1.06E+08,5/19/2017,6798,9.33,6.92,63425.34,47042.16,16383.18,2017,4
Europe,Bulgaria,Baby Food,Stewart Forsyth,Online,M,5/16/2014,4.80E+08,5/23/2014,6035,255.28,159.42,1540614.8,962099.7,578515.1,2014,5
Asia,Brunei,Baby Food,Heather MacDonald,Online,H,8/12/2015,5.11E+08,9/30/2015,8803,255.28,159.42,2247229.84,1403374.26,843855.58,2015,8
Europe,Serbia,Snacks,Virginia Churchill,Offline,C,9/20/2013,5.48E+08,10/14/2013,9951,152.58,97.44,1518323.58,969625.44,548698.14,2013,9
Sub-Saharan Africa,Ghana,Cereal,Simon Ferguson,Offline,M,10/31/2013,1.09E+08,12/9/2013,1358,205.7,117.11,279340.6,159035.38,120305.22,2013,10
Sub-Saharan Africa,Malawi,Cereal,Peter Buckland,Offline,M,7/30/2014,1.34E+08,8/9/2014,6936,205.7,117.11,1426735.2,812274.96,614460.24,2014,7
Sub-Saharan Africa,Zimbabwe,Fruits,Deirdre Kelly,Offline,L,11/12/2011,7.32E+08,12/30/2011,7627,9.33,6.92,71159.91,52778.84,18381.07,2011,11
Europe,Cyprus,Snacks,Angela Cornish,Offline,C,3/25/2010,7.32E+08,4/14/2010,6405,152.58,97.44,977274.9,624103.2,353171.7,2010,3
Central America and the Caribbean,Nicaragua,Cereal,Lauren Randall,Online,M,7/4/2011,8.36E+08,8/8/2011,3274,205.7,117.11,673461.8,383418.14,290043.66,2011,7
Europe,Estonia,Baby Food,Alexander Langdon,Offline,C,1/1/2011,4.62E+08,1/15/2011,271,255.28,159.42,69180.88,43202.82,25978.06,2011,1
Europe,Estonia,Clothes,Rebecca Mackenzie,Online,C,6/16/2016,9.02E+08,7/4/2016,6463,109.28,35.84,706276.64,231633.92,474642.72,2016,6
Europe,Lithuania,Fruits,Melanie Nash,Offline,H,12/17/2013,3.68E+08,1/5/2014,2949,9.33,6.92,27514.17,20407.08,7107.09,2013,12
Sub-Saharan Africa,Republic of the Congo,Meat,Neil Hodges,Offline,H,3/1/2017,7.39E+08,3/31/2017,7859,421.89,364.69,3315633.51,2866098.71,449534.8,2017,3
Europe,Czech Republic,Baby Food,Diana Ince,Online,C,7/2/2010,8.18E+08,7/27/2010,1353,255.28,159.42,345393.84,215695.26,129698.58,2010,7
Sub-Saharan Africa,Cameroon,Snacks,Emily Lambert,Online,C,7/16/2013,3.76E+08,8/1/2013,624,152.58,97.44,95209.92,60802.56,34407.36,2013,7
Asia,Vietnam,Office Supplies,Bernadette Poole,Online,H,8/16/2016,6.07E+08,9/16/2016,4897,651.21,524.96,3188975.37,2570729.12,618246.25,2016,8
Europe,Moldova,Meat,Charles Rees,Offline,L,12/16/2014,9.72E+08,1/19/2015,424,421.89,364.69,178881.36,154628.56,24252.8,2014,12
Middle East and North Africa,Bahrain,Office Supplies,Stewart Wallace,Offline,L,5/14/2012,5.54E+08,5/15/2012,5494,651.21,524.96,3577747.74,2884130.24,693617.5,2012,5
Europe,Hungary,Household,Wendy Poole,Online,L,7/18/2017,3.07E+08,7/19/2017,5423,668.27,502.54,3624028.21,2725274.42,898753.79,2017,7
Australia and Oceania,Marshall Islands,Personal Care,Nicholas Lawrence,Offline,L,7/9/2017,8.04E+08,7/21/2017,7559,81.73,56.67,617797.07,428368.53,189428.54,2017,7
Middle East and North Africa,Iraq,Office Supplies,Wendy Mills,Online,C,9/30/2011,8.88E+08,10/2/2011,6283,651.21,524.96,4091552.43,3298323.68,793228.75,2011,9
Europe,Albania,Vegetables,Jennifer Mathis,Online,H,11/24/2015,8.24E+08,11/26/2015,8006,154.06,90.93,1233404.36,727985.58,505418.78,2015,11
Sub-Saharan Africa,Lesotho,Office Supplies,Tracey Bailey,Online,H,8/14/2012,9.47E+08,9/14/2012,6170,651.21,524.96,4017965.7,3239003.2,778962.5,2012,8
Middle East and North Africa,Lebanon,Clothes,Joe Edmunds,Offline,H,12/6/2015,3.10E+08,12/28/2015,6249,109.28,35.84,682890.72,223964.16,458926.56,2015,12
Europe,Hungary,Vegetables,Gavin Randall,Online,C,5/25/2014,7.40E+08,7/9/2014,748,154.06,90.93,115236.88,68015.64,47221.24,2014,5
Asia,Japan,Beverages,Alison Peters,Online,H,10/18/2012,9.81E+08,11/21/2012,4203,47.45,31.79,199432.35,133613.37,65818.98,2012,10
Europe,Georgia,Office Supplies,Olivia Hodges,Offline,L,3/13/2013,7.49E+08,3/25/2013,8180,651.21,524.96,5326897.8,4294172.8,1032725,2013,3
Europe,Estonia,Office Supplies,Dylan Lambert,Online,C,2/23/2011,2.81E+08,3/11/2011,6280,651.21,524.96,4089598.8,3296748.8,792850,2011,2
Europe,Luxembourg,Household,Jonathan Sharp,Online,C,8/15/2014,7.81E+08,9/1/2014,9131,668.27,502.54,6101973.37,4588692.74,1513280.63,2014,8
Sub-Saharan Africa,Swaziland,Personal Care,Sarah Vance,Online,H,7/6/2017,3.78E+08,7/11/2017,9396,81.73,56.67,767935.08,532471.32,235463.76,2017,7
Europe,Romania,Clothes,Chloe Vance,Offline,C,12/31/2010,8.68E+08,1/3/2011,6765,109.28,35.84,739279.2,242457.6,496821.6,2010,12
Sub-Saharan Africa,Ethiopia,Personal Care,Isaac Robertson,Offline,C,1/13/2010,9.67E+08,1/15/2010,2964,81.73,56.67,242247.72,167969.88,74277.84,2010,1
Sub-Saharan Africa,Chad,Office Supplies,Eric Sharp,Offline,C,9/17/2011,3.65E+08,10/16/2011,6746,651.21,524.96,4393062.66,3541380.16,851682.5,2011,9
Middle East and North Africa,Morocco,Office Supplies,Lillian Slater,Online,C,3/8/2014,1.68E+08,3/31/2014,8898,651.21,524.96,5794466.58,4671094.08,1123372.5,2014,3
North America,Mexico,Clothes,Brandon Mills,Online,H,11/18/2012,6.55E+08,12/1/2012,7237,109.28,35.84,790859.36,259374.08,531485.28,2012,11
Sub-Saharan Africa,Nigeria,Personal Care,Paul Graham,Offline,H,11/18/2011,8.24E+08,12/29/2011,1612,81.73,56.67,131748.76,91352.04,40396.72,2011,11
Central America and the Caribbean,Trinidad and Tobago,Beverages,Frank Dickens,Offline,L,7/12/2012,6.44E+08,8/19/2012,8904,47.45,31.79,422494.8,283058.16,139436.64,2012,7
Europe,Moldova,Personal Care,Elizabeth Piper,Offline,H,3/30/2017,6.04E+08,5/15/2017,8022,81.73,56.67,655638.06,454606.74,201031.32,2017,3
Australia and Oceania,Solomon Islands,Personal Care,Julian Mackenzie,Online,H,7/26/2010,3.64E+08,9/12/2010,4909,81.73,56.67,401212.57,278193.03,123019.54,2010,7
Asia,India,Personal Care,Carl Burgess,Online,L,12/24/2015,1.03E+08,1/31/2016,7539,81.73,56.67,616162.47,427235.13,188927.34,2015,12
Sub-Saharan Africa,Burkina Faso,Office Supplies,Connor Black,Offline,M,5/15/2016,9.71E+08,5/15/2016,917,651.21,524.96,597159.57,481388.32,115771.25,2016,5
Australia and Oceania,Kiribati,Meat,Brandon Anderson,Online,L,11/3/2010,1.40E+08,12/4/2010,2079,421.89,364.69,877109.31,758190.51,118918.8,2010,11
Middle East and North Africa,Israel,Meat,Benjamin Walker,Offline,M,12/1/2010,2.48E+08,12/16/2010,5093,421.89,364.69,2148685.77,1857366.17,291319.6,2010,12
Sub-Saharan Africa,Comoros,Snacks,Anna Churchill,Offline,L,1/16/2014,8.58E+08,1/17/2014,6056,152.58,97.44,924024.48,590096.64,333927.84,2014,1
Middle East and North Africa,Iran,Baby Food,Carolyn Parr,Offline,H,12/11/2014,7.01E+08,1/5/2015,8099,255.28,159.42,2067512.72,1291142.58,776370.14,2014,12
Asia,Vietnam,Cosmetics,Rose Kelly,Offline,L,12/24/2016,8.28E+08,1/30/2017,6384,437.2,263.33,2791084.8,1681098.72,1109986.08,2016,12
Central America and the Caribbean,Belize,Household,Piers Hemmings,Online,M,3/21/2013,5.61E+08,4/14/2013,3101,668.27,502.54,2072305.27,1558376.54,513928.73,2013,3
Europe,Belarus,Personal Care,Heather Davies,Offline,H,12/8/2012,6.42E+08,1/16/2013,2476,81.73,56.67,202363.48,140314.92,62048.56,2012,12
North America,United States of America,Baby Food,Rose Cameron,Offline,C,2/13/2015,9.85E+08,3/5/2015,5763,255.28,159.42,1471178.64,918737.46,552441.18,2015,2
Europe,Poland,Beverages,Steven Wilkins,Online,L,3/28/2012,2.21E+08,4/18/2012,6247,47.45,31.79,296420.15,198592.13,97828.02,2012,3
North America,Canada,Vegetables,Sean Sanderson,Offline,L,10/7/2016,6.54E+08,11/8/2016,4247,154.06,90.93,654292.82,386179.71,268113.11,2016,10
Middle East and North Africa,Israel,Beverages,Jason Clark,Offline,C,12/15/2011,6.08E+08,12/23/2011,2111,47.45,31.79,100166.95,67108.69,33058.26,2011,12
Middle East and North Africa,Lebanon,Household,William Johnston,Online,L,3/8/2016,2.77E+08,4/20/2016,9219,668.27,502.54,6160781.13,4632916.26,1527864.87,2016,3
Europe,Andorra,Baby Food,Piers Jones,Online,L,1/18/2011,3.73E+08,2/28/2011,6982,255.28,159.42,1782364.96,1113070.44,669294.52,2011,1
Europe,Slovakia,Clothes,Una Mitchell,Online,L,4/11/2013,7.83E+08,5/28/2013,3843,109.28,35.84,419963.04,137733.12,282229.92,2013,4
Sub-Saharan Africa,Liberia,Fruits,Leonard Paterson,Online,H,5/18/2010,1.10E+08,6/5/2010,274,9.33,6.92,2556.42,1896.08,660.34,2010,5
Central America and the Caribbean,Antigua and Barbuda,Cereal,Joshua Murray,Offline,M,6/5/2017,6.30E+08,6/6/2017,3782,205.7,117.11,777957.4,442910.02,335047.38,2017,6
Asia,China,Personal Care,Jasmine Arnold,Online,L,9/11/2012,6.37E+08,9/15/2012,3901,81.73,56.67,318828.73,221069.67,97759.06,2012,9
Sub-Saharan Africa,Niger,Baby Food,James Arnold,Online,H,3/8/2017,2.99E+08,4/3/2017,7200,255.28,159.42,1838016,1147824,690192,2017,3
Europe,United Kingdom,Household,Lisa Thomson,Offline,L,1/28/2015,3.00E+08,2/23/2015,2278,668.27,502.54,1522319.06,1144786.12,377532.94,2015,1
Asia,Bangladesh,Personal Care,Gordon Hughes,Offline,M,7/26/2010,4.97E+08,7/29/2010,4763,81.73,56.67,389279.99,269919.21,119360.78,2010,7
Asia,Myanmar,Snacks,Rebecca Howard,Online,L,6/24/2016,3.67E+08,7/14/2016,2317,152.58,97.44,353527.86,225768.48,127759.38,2016,6
Australia and Oceania,Tonga,Meat,Jasmine Mills,Offline,M,8/18/2012,3.56E+08,9/15/2012,9633,421.89,364.69,4064066.37,3513058.77,551007.6,2012,8
Sub-Saharan Africa,Guinea-Bissau,Vegetables,Michelle Lambert,Online,C,3/11/2010,5.31E+08,4/19/2010,3434,154.06,90.93,529042.04,312253.62,216788.42,2010,3
Australia and Oceania,Nauru,Vegetables,Karen Payne,Offline,M,1/14/2010,1.31E+08,1/20/2010,7475,154.06,90.93,1151598.5,679701.75,471896.75,2010,1
Sub-Saharan Africa,Swaziland,Cereal,Amy Miller,Online,L,2/10/2014,7.14E+08,3/28/2014,7542,205.7,117.11,1551389.4,883243.62,668145.78,2014,2
Europe,Finland,Vegetables,Emily Grant,Online,C,1/21/2014,3.06E+08,1/30/2014,6452,154.06,90.93,993995.12,586680.36,407314.76,2014,1
Australia and Oceania,Papua New Guinea,Household,Jennifer Taylor,Offline,L,2/28/2010,1.58E+08,3/15/2010,9055,668.27,502.54,6051184.85,4550499.7,1500685.15,2010,2
Sub-Saharan Africa,Mauritius,Personal Care,Ava Scott,Online,L,2/18/2015,6.86E+08,3/8/2015,7230,81.73,56.67,590907.9,409724.1,181183.8,2015,2
Sub-Saharan Africa,Mozambique,Office Supplies,Penelope Reid,Online,M,6/14/2012,1.32E+08,7/22/2012,4888,651.21,524.96,3183114.48,2566004.48,617110,2012,6
Europe,Bulgaria,Clothes,Adrian Graham,Online,L,3/5/2013,4.04E+08,4/3/2013,2972,109.28,35.84,324780.16,106516.48,218263.68,2013,3
Europe,Spain,Household,Jake Bell,Online,C,4/10/2014,3.31E+08,4/23/2014,4455,668.27,502.54,2977142.85,2238815.7,738327.15,2014,4
Australia and Oceania,Vanuatu,Meat,Pippa Marshall,Online,H,7/26/2017,6.15E+08,9/12/2017,9341,421.89,364.69,3940874.49,3406569.29,534305.2,2017,7
Europe,Belgium,Fruits,Eric Nash,Offline,L,10/19/2010,6.75E+08,10/24/2010,9669,9.33,6.92,90211.77,66909.48,23302.29,2010,10
Europe,Belgium,Baby Food,Madeleine Peters,Offline,L,11/8/2016,9.02E+08,12/23/2016,4503,255.28,159.42,1149525.84,717868.26,431657.58,2016,11
Sub-Saharan Africa,Guinea-Bissau,Clothes,Lauren Bower,Online,L,3/31/2014,4.06E+08,5/10/2014,4944,109.28,35.84,540280.32,177192.96,363087.36,2014,3
Sub-Saharan Africa,Togo,Vegetables,Sophie Parsons,Online,C,8/18/2016,1.70E+08,8/19/2016,9121,154.06,90.93,1405181.26,829372.53,575808.73,2016,8
Sub-Saharan Africa,Cote d'Ivoire,Personal Care,Nathan Kerr,Offline,C,1/3/2016,7.95E+08,1/8/2016,7196,81.73,56.67,588129.08,407797.32,180331.76,2016,1
Sub-Saharan Africa,Republic of the Congo,Fruits,Sarah Ross,Offline,C,10/21/2016,2.53E+08,11/4/2016,6360,9.33,6.92,59338.8,44011.2,15327.6,2016,10
Middle East and North Africa,Libya,Baby Food,Amy Glover,Offline,M,12/10/2016,6.35E+08,12/13/2016,5837,255.28,159.42,1490069.36,930534.54,559534.82,2016,12
Australia and Oceania,East Timor,Vegetables,Michelle Sanderson,Online,C,8/12/2011,5.05E+08,9/19/2011,1882,154.06,90.93,289940.92,171130.26,118810.66,2011,8
Europe,Switzerland,Clothes,Kimberly Dickens,Offline,H,3/23/2012,7.46E+08,5/9/2012,2782,109.28,35.84,304016.96,99706.88,204310.08,2012,3
Australia and Oceania,Palau,Snacks,Wanda Ellison,Offline,M,4/27/2012,5.10E+08,6/11/2012,3853,152.58,97.44,587890.74,375436.32,212454.42,2012,4
Middle East and North Africa,Jordan,Household,Liam Lee,Online,M,1/29/2014,3.71E+08,2/9/2014,2445,668.27,502.54,1633920.15,1228710.3,405209.85,2014,1
Europe,Slovenia,Household,David Ellison,Online,H,12/13/2016,9.73E+08,12/28/2016,2936,668.27,502.54,1962040.72,1475457.44,486583.28,2016,12
Asia,South Korea,Baby Food,Brian Baker,Online,L,11/21/2013,7.80E+08,12/27/2013,1739,255.28,159.42,443931.92,277231.38,166700.54,2013,11
Europe,Norway,Clothes,Bella Simpson,Online,H,4/7/2010,1.27E+08,5/22/2010,2296,109.28,35.84,250906.88,82288.64,168618.24,2010,4
Middle East and North Africa,Afghanistan,Baby Food,Maria Mills,Online,M,7/8/2012,7.67E+08,7/30/2012,80,255.28,159.42,20422.4,12753.6,7668.8,2012,7
Asia,Bangladesh,Personal Care,Nicholas Dyer,Online,L,10/15/2016,9.27E+08,11/24/2016,7597,81.73,56.67,620902.81,430521.99,190380.82,2016,10
Sub-Saharan Africa,Guinea,Meat,Evan Walsh,Offline,M,9/18/2012,2.52E+08,10/20/2012,9381,421.89,364.69,3957750.09,3421156.89,536593.2,2012,9
Central America and the Caribbean,Cuba,Office Supplies,Molly Gibson,Offline,H,7/2/2017,2.56E+08,7/23/2017,7002,651.21,524.96,4559772.42,3675769.92,884002.5,2017,7
Europe,Russia,Cosmetics,Tim Johnston,Offline,C,7/21/2011,2.77E+08,9/2/2011,4056,437.2,263.33,1773283.2,1068066.48,705216.72,2011,7
Sub-Saharan Africa,Seychelles,Vegetables,Ruth Mackay,Offline,L,6/1/2010,6.20E+08,6/22/2010,1175,154.06,90.93,181020.5,106842.75,74177.75,2010,6
Asia,South Korea,Office Supplies,Melanie Miller,Offline,M,7/26/2015,3.13E+08,9/7/2015,1020,651.21,524.96,664234.2,535459.2,128775,2015,7
Sub-Saharan Africa,Ghana,Baby Food,Sally Gray,Offline,L,8/6/2010,2.51E+08,9/8/2010,3282,255.28,159.42,837828.96,523216.44,314612.52,2010,8
Central America and the Caribbean,Costa Rica,Office Supplies,Liam Paige,Online,H,6/20/2010,9.53E+08,7/22/2010,9685,651.21,524.96,6306968.85,5084237.6,1222731.25,2010,6
Europe,Romania,Cereal,Neil Young,Online,C,4/8/2012,3.06E+08,4/23/2012,8985,205.7,117.11,1848214.5,1052233.35,795981.15,2012,4
Europe,Czech Republic,Cereal,Amanda Metcalfe,Online,L,2/27/2014,3.17E+08,3/24/2014,1967,205.7,117.11,404611.9,230355.37,174256.53,2014,2
Europe,Liechtenstein,Household,Jonathan Berry,Offline,L,7/25/2011,3.66E+08,9/1/2011,6449,668.27,502.54,4309673.23,3240880.46,1068792.77,2011,7
Sub-Saharan Africa,Seychelles,Baby Food,Amanda Forsyth,Online,M,2/18/2016,3.49E+08,4/5/2016,2279,255.28,159.42,581783.12,363318.18,218464.94,2016,2
Middle East and North Africa,Somalia,Baby Food,Anna Roberts,Online,L,1/24/2014,2.37E+08,2/25/2014,6338,255.28,159.42,1617964.64,1010403.96,607560.68,2014,1
Australia and Oceania,Solomon Islands,Personal Care,Edward Springer,Offline,H,5/10/2015,5.18E+08,6/16/2015,7536,81.73,56.67,615917.28,427065.12,188852.16,2015,5
Sub-Saharan Africa,Uganda,Clothes,Rebecca Powell,Offline,C,2/13/2012,8.52E+08,3/27/2012,1816,109.28,35.84,198452.48,65085.44,133367.04,2012,2
Sub-Saharan Africa,Equatorial Guinea,Cereal,Fiona Taylor,Offline,M,9/7/2012,5.18E+08,10/23/2012,7151,205.7,117.11,1470960.7,837453.61,633507.09,2012,9
Central America and the Caribbean,Costa Rica,Office Supplies,Jake Henderson,Offline,C,2/4/2015,6.66E+08,3/4/2015,8547,651.21,524.96,5565891.87,4486833.12,1079058.75,2015,2
Europe,Moldova,Fruits,Emily Hudson,Offline,C,11/16/2010,2.68E+08,12/22/2010,3039,9.33,6.92,28353.87,21029.88,7323.99,2010,11
Sub-Saharan Africa,Burkina Faso,Vegetables,Wanda Graham,Online,L,7/20/2011,1.63E+08,7/26/2011,4695,154.06,90.93,723311.7,426916.35,296395.35,2011,7
Central America and the Caribbean,Guatemala,Beverages,Adam Ross,Offline,H,7/26/2014,8.12E+08,8/30/2014,9614,47.45,31.79,456184.3,305629.06,150555.24,2014,7
Sub-Saharan Africa,Swaziland,Meat,Katherine Bower,Online,M,8/24/2014,9.48E+08,9/3/2014,924,421.89,364.69,389826.36,336973.56,52852.8,2014,8
Asia,Maldives,Vegetables,Brandon Allan,Online,H,2/25/2015,7.20E+08,3/28/2015,3789,154.06,90.93,583733.34,344533.77,239199.57,2015,2
Asia,Thailand,Household,Katherine Rees,Online,H,9/21/2016,3.52E+08,10/27/2016,399,668.27,502.54,266639.73,200513.46,66126.27,2016,9
Sub-Saharan Africa,Sudan,Household,Madeleine Sharp,Online,C,6/28/2013,5.86E+08,7/23/2013,4979,668.27,502.54,3327316.33,2502146.66,825169.67,2013,6
Central America and the Caribbean,Costa Rica,Meat,Deirdre Arnold,Offline,L,1/5/2012,4.34E+08,2/13/2012,8783,421.89,364.69,3705459.87,3203072.27,502387.6,2012,1
Europe,Denmark,Beverages,Joshua Powell,Online,C,5/1/2012,3.28E+08,5/30/2012,5098,47.45,31.79,241900.1,162065.42,79834.68,2012,5
Sub-Saharan Africa,Angola,Cereal,Tracey Lee,Offline,C,10/13/2011,7.73E+08,11/21/2011,4240,205.7,117.11,872168,496546.4,375621.6,2011,10
Australia and Oceania,Papua New Guinea,Household,Anne Randall,Online,M,4/27/2016,9.92E+08,5/18/2016,8559,668.27,502.54,5719722.93,4301239.86,1418483.07,2016,4
Asia,North Korea,Meat,Madeleine Roberts,Online,M,1/19/2014,2.78E+08,2/7/2014,7435,421.89,364.69,3136752.15,2711470.15,425282,2014,1
Central America and the Caribbean,El Salvador,Fruits,Owen Allan,Online,C,11/6/2016,2.45E+08,12/15/2016,2278,9.33,6.92,21253.74,15763.76,5489.98,2016,11
Sub-Saharan Africa,Burkina Faso,Household,Michelle Piper,Online,M,2/28/2011,7.78E+08,3/24/2011,1531,668.27,502.54,1023121.37,769388.74,253732.63,2011,2
Middle East and North Africa,Yemen,Baby Food,Amanda Robertson,Online,C,10/11/2014,4.83E+08,11/13/2014,5668,255.28,159.42,1446927.04,903592.56,543334.48,2014,10
Sub-Saharan Africa,Republic of the Congo,Beverages,Diane Rutherford,Online,L,6/25/2012,7.33E+08,7/5/2012,2193,47.45,31.79,104057.85,69715.47,34342.38,2012,6
Europe,Andorra,Household,Gabrielle McDonald,Online,M,11/6/2012,7.24E+08,11/23/2012,642,668.27,502.54,429029.34,322630.68,106398.66,2012,11
Central America and the Caribbean,Dominican Republic,Household,Alison McLean,Offline,H,2/24/2014,6.21E+08,4/14/2014,7584,668.27,502.54,5068159.68,3811263.36,1256896.32,2014,2
Middle East and North Africa,Israel,Baby Food,Diane Hodges,Offline,M,9/19/2015,2.12E+08,10/6/2015,1616,255.28,159.42,412532.48,257622.72,154909.76,2015,9
Australia and Oceania,Solomon Islands,Snacks,Max Tucker,Offline,L,3/4/2014,2.52E+08,3/24/2014,8369,152.58,97.44,1276942.02,815475.36,461466.66,2014,3
Sub-Saharan Africa,Liberia,Fruits,Oliver Clark,Online,M,10/8/2014,2.17E+08,10/30/2014,5503,9.33,6.92,51342.99,38080.76,13262.23,2014,10
Sub-Saharan Africa,Mali,Vegetables,Grace Arnold,Online,C,6/19/2012,5.55E+08,7/10/2012,7712,154.06,90.93,1188110.72,701252.16,486858.56,2012,6
Asia,Uzbekistan,Clothes,Max Ferguson,Online,C,11/11/2010,4.33E+08,12/13/2010,1718,109.28,35.84,187743.04,61573.12,126169.92,2010,11
Middle East and North Africa,Tunisia,Personal Care,Christian Wallace,Offline,H,11/1/2010,8.88E+08,11/7/2010,1276,81.73,56.67,104287.48,72310.92,31976.56,2010,11
Europe,Vatican City,Vegetables,Connor Turner,Online,C,4/28/2014,7.79E+08,5/9/2014,2173,154.06,90.93,334772.38,197590.89,137181.49,2014,4
Sub-Saharan Africa,Djibouti,Snacks,Felicity Hughes,Offline,H,12/22/2012,8.33E+08,2/9/2013,7227,152.58,97.44,1102695.66,704198.88,398496.78,2012,12
Europe,Ukraine,Household,Jennifer Reid,Offline,M,8/25/2014,4.99E+08,9/29/2014,1285,668.27,502.54,858726.95,645763.9,212963.05,2014,8
Australia and Oceania,East Timor,Fruits,Andrea Sharp,Offline,M,11/26/2016,1.95E+08,12/23/2016,6227,9.33,6.92,58097.91,43090.84,15007.07,2016,11
Sub-Saharan Africa,Uganda,Cereal,Deirdre Miller,Online,C,10/20/2010,8.62E+08,12/2/2010,5965,205.7,117.11,1227000.5,698561.15,528439.35,2010,10
Sub-Saharan Africa,Guinea,Meat,Sue Russell,Online,H,12/18/2014,8.07E+08,1/26/2015,1441,421.89,364.69,607943.49,525518.29,82425.2,2014,12
Sub-Saharan Africa,Equatorial Guinea,Clothes,Hannah Jackson,Offline,H,3/20/2011,6.62E+08,4/24/2011,5629,109.28,35.84,615137.12,201743.36,413393.76,2011,3
Europe,Malta,Cosmetics,Michael Pullman,Online,M,7/12/2016,2.26E+08,8/21/2016,8534,437.2,263.33,3731064.8,2247258.22,1483806.58,2016,7
Europe,Cyprus,Household,Sonia Howard,Offline,L,1/26/2011,7.19E+08,2/19/2011,2191,668.27,502.54,1464179.57,1101065.14,363114.43,2011,1
Europe,Czech Republic,Office Supplies,Natalie Churchill,Online,L,2/24/2010,7.32E+08,4/15/2010,5668,651.21,524.96,3691058.28,2975473.28,715585,2010,2
Middle East and North Africa,Libya,Vegetables,Jack McGrath,Online,C,1/2/2015,2.76E+08,2/9/2015,64,154.06,90.93,9859.84,5819.52,4040.32,2015,1
Asia,Vietnam,Office Supplies,Alexander North,Offline,C,7/26/2016,3.33E+08,7/27/2016,3509,651.21,524.96,2285095.89,1842084.64,443011.25,2016,7
Middle East and North Africa,Jordan,Vegetables,Gordon Quinn,Online,C,6/1/2014,6.03E+08,6/15/2014,6163,154.06,90.93,949471.78,560401.59,389070.19,2014,6
Sub-Saharan Africa,Mali,Beverages,William Edmunds,Offline,H,12/21/2012,8.60E+08,1/29/2013,5220,47.45,31.79,247689,165943.8,81745.2,2012,12
Europe,Czech Republic,Household,Kimberly Oliver,Online,L,2/27/2010,4.95E+08,3/2/2010,9902,668.27,502.54,6617209.54,4976151.08,1641058.46,2010,2
Europe,Slovakia,Vegetables,Rachel Abraham,Online,M,4/24/2016,7.70E+08,5/15/2016,6465,154.06,90.93,995997.9,587862.45,408135.45,2016,4
Sub-Saharan Africa,Zimbabwe,Vegetables,Lucas Newman,Offline,C,7/22/2012,7.69E+08,8/10/2012,3195,154.06,90.93,492221.7,290521.35,201700.35,2012,7
Central America and the Caribbean,Honduras,Cereal,Dominic Wright,Online,M,2/22/2015,5.44E+08,3/9/2015,5409,205.7,117.11,1112631.3,633447.99,479183.31,2015,2
Europe,Switzerland,Beverages,Victoria Hart,Offline,L,2/10/2011,6.70E+08,3/20/2011,455,47.45,31.79,21589.75,14464.45,7125.3,2011,2
Sub-Saharan Africa,South Africa,Cosmetics,Vanessa Randall,Offline,L,1/21/2015,8.90E+08,1/26/2015,2715,437.2,263.33,1186998,714940.95,472057.05,2015,1
Sub-Saharan Africa,Uganda,Beverages,Piers Tucker,Online,M,5/10/2012,5.68E+08,6/28/2012,8598,47.45,31.79,407975.1,273330.42,134644.68,2012,5
Middle East and North Africa,Iran,Vegetables,Lucas Dowd,Offline,M,12/16/2015,9.38E+08,1/21/2016,1547,154.06,90.93,238330.82,140668.71,97662.11,2015,12
Middle East and North Africa,Algeria,Vegetables,Eric Buckland,Online,C,2/25/2017,1.56E+08,2/25/2017,7036,154.06,90.93,1083966.16,639783.48,444182.68,2017,2
Sub-Saharan Africa,Central African Republic,Baby Food,John McDonald,Online,L,1/31/2012,9.46E+08,2/13/2012,7570,255.28,159.42,1932469.6,1206809.4,725660.2,2012,1
Central America and the Caribbean,The Bahamas,Cosmetics,Emily Watson,Offline,C,2/7/2013,2.53E+08,2/15/2013,7685,437.2,263.33,3359882,2023691.05,1336190.95,2013,2
Sub-Saharan Africa,South Africa,Household,Amy Hudson,Offline,H,9/14/2014,4.94E+08,9/22/2014,8948,668.27,502.54,5979679.96,4496727.92,1482952.04,2014,9
Sub-Saharan Africa,Benin,Cereal,John Blake,Online,M,6/5/2012,1.05E+08,7/24/2012,4957,205.7,117.11,1019654.9,580514.27,439140.63,2012,6
Europe,Hungary,Cosmetics,Piers Graham,Online,M,4/5/2014,2.91E+08,4/7/2014,6344,437.2,263.33,2773596.8,1670565.52,1103031.28,2014,4
Europe,Austria,Office Supplies,Caroline Payne,Offline,C,2/2/2014,9.79E+08,2/10/2014,5768,651.21,524.96,3756179.28,3027969.28,728210,2014,2
Asia,Tajikistan,Office Supplies,Diane Quinn,Offline,C,9/1/2010,3.67E+08,10/12/2010,2923,651.21,524.96,1903486.83,1534458.08,369028.75,2010,9
Europe,Portugal,Office Supplies,Eric Baker,Online,C,5/17/2011,7.71E+08,6/25/2011,9532,651.21,524.96,6207333.72,5003918.72,1203415,2011,5
Europe,Belgium,Beverages,Gavin Rampling,Offline,M,4/21/2013,9.78E+08,5/21/2013,4349,47.45,31.79,206360.05,138254.71,68105.34,2013,4
Europe,Slovenia,Beverages,Ian Parr,Offline,L,8/10/2014,2.98E+08,8/14/2014,8161,47.45,31.79,387239.45,259438.19,127801.26,2014,8
Europe,Czech Republic,Snacks,Ian Piper,Online,M,9/19/2010,8.08E+08,10/30/2010,8786,152.58,97.44,1340567.88,856107.84,484460.04,2010,9
Australia and Oceania,Marshall Islands,Personal Care,Molly Rees,Offline,C,4/13/2013,6.06E+08,5/14/2013,6071,81.73,56.67,496182.83,344043.57,152139.26,2013,4
Sub-Saharan Africa,Sudan,Fruits,Stewart Oliver,Online,C,1/28/2016,5.61E+08,2/1/2016,6897,9.33,6.92,64349.01,47727.24,16621.77,2016,1
Central America and the Caribbean,Dominican Republic,Clothes,Nicholas Martin,Online,H,12/9/2013,2.63E+08,12/14/2013,175,109.28,35.84,19124,6272,12852,2013,12
Sub-Saharan Africa,Tanzania,Cereal,Jacob Langdon,Offline,C,2/21/2014,2.71E+08,3/9/2014,1848,205.7,117.11,380133.6,216419.28,163714.32,2014,2
Europe,Switzerland,Clothes,Adam Lewis,Offline,H,6/9/2017,7.64E+08,7/10/2017,9888,109.28,35.84,1080560.64,354385.92,726174.72,2017,6
North America,Greenland,Household,Rachel Vance,Online,L,4/17/2014,1.93E+08,5/20/2014,9302,668.27,502.54,6216247.54,4674627.08,1541620.46,2014,4
Australia and Oceania,Tonga,Fruits,Madeleine Payne,Offline,L,5/20/2011,2.27E+08,6/8/2011,7124,9.33,6.92,66466.92,49298.08,17168.84,2011,5
Middle East and North Africa,Saudi Arabia,Vegetables,Jacob Robertson,Online,M,8/28/2012,8.09E+08,9/22/2012,7422,154.06,90.93,1143433.32,674882.46,468550.86,2012,8
Central America and the Caribbean,Belize,Cosmetics,Paul Rutherford,Offline,C,7/25/2015,5.98E+08,9/11/2015,6296,437.2,263.33,2752611.2,1657925.68,1094685.52,2015,7
Sub-Saharan Africa,Angola,Cosmetics,David Baker,Online,H,10/27/2014,1.26E+08,11/20/2014,6874,437.2,263.33,3005312.8,1810130.42,1195182.38,2014,10
Asia,Malaysia,Household,Kevin Duncan,Online,H,10/18/2013,4.44E+08,10/21/2013,4319,668.27,502.54,2886258.13,2170470.26,715787.87,2013,10
Sub-Saharan Africa,Ethiopia,Beverages,Edward Clarkson,Online,C,2/15/2013,8.75E+08,3/12/2013,822,47.45,31.79,39003.9,26131.38,12872.52,2013,2
North America,Greenland,Baby Food,Dylan Newman,Offline,C,7/8/2014,3.61E+08,8/16/2014,607,255.28,159.42,154954.96,96767.94,58187.02,2014,7
Sub-Saharan Africa,Benin,Cereal,Lucas Walsh,Offline,C,12/12/2016,6.14E+08,1/16/2017,4928,205.7,117.11,1013689.6,577118.08,436571.52,2016,12
Middle East and North Africa,Yemen,Cereal,Karen Arnold,Offline,H,11/24/2012,2.67E+08,12/10/2012,7073,205.7,117.11,1454916.1,828319.03,626597.07,2012,11
Sub-Saharan Africa,Rwanda,Baby Food,Keith Duncan,Offline,M,11/3/2014,7.23E+08,11/27/2014,7358,255.28,159.42,1878350.24,1173012.36,705337.88,2014,11
Sub-Saharan Africa,Mauritania,Meat,Stephen Springer,Offline,M,8/3/2013,3.06E+08,8/15/2013,8132,421.89,364.69,3430809.48,2965659.08,465150.4,2013,8
Australia and Oceania,New Zealand,Personal Care,Eric Piper,Online,L,5/23/2012,1.10E+08,6/16/2012,8775,81.73,56.67,717180.75,497279.25,219901.5,2012,5
Australia and Oceania,Samoa,Clothes,Ella Hemmings,Offline,M,7/22/2015,8.48E+08,8/6/2015,699,109.28,35.84,76386.72,25052.16,51334.56,2015,7
Australia and Oceania,Fiji,Clothes,Isaac Brown,Online,H,2/1/2017,6.05E+08,3/2/2017,2344,109.28,35.84,256152.32,84008.96,172143.36,2017,2
Sub-Saharan Africa,Malawi,Beverages,Olivia Black,Online,H,1/28/2012,6.87E+08,2/22/2012,4186,47.45,31.79,198625.7,133072.94,65552.76,2012,1
Australia and Oceania,Marshall Islands,Beverages,Diana Howard,Offline,M,8/3/2015,6.67E+08,9/21/2015,3729,47.45,31.79,176941.05,118544.91,58396.14,2015,8
Central America and the Caribbean,Grenada,Baby Food,Caroline Sanderson,Online,M,6/23/2013,6.41E+08,6/30/2013,508,255.28,159.42,129682.24,80985.36,48696.88,2013,6
Europe,Luxembourg,Meat,Steven Wright,Online,C,8/3/2011,7.75E+08,9/22/2011,1093,421.89,364.69,461125.77,398606.17,62519.6,2011,8
Sub-Saharan Africa,Zimbabwe,Meat,Hannah Rutherford,Offline,M,10/30/2016,8.55E+08,12/6/2016,4080,421.89,364.69,1721311.2,1487935.2,233376,2016,10
Asia,China,Vegetables,Peter Mackay,Online,H,9/5/2010,7.38E+08,9/21/2010,5100,154.06,90.93,785706,463743,321963,2010,9
North America,United States of America,Beverages,Isaac MacDonald,Online,L,7/13/2013,7.99E+08,7/14/2013,1815,47.45,31.79,86121.75,57698.85,28422.9,2013,7
Sub-Saharan Africa,Central African Republic,Vegetables,Una Underwood,Online,L,10/9/2012,5.86E+08,11/21/2012,8916,154.06,90.93,1373598.96,810731.88,562867.08,2012,10
Central America and the Caribbean,Antigua and Barbuda,Vegetables,Luke Harris,Online,M,1/3/2012,1.66E+08,1/5/2012,3127,154.06,90.93,481745.62,284338.11,197407.51,2012,1
Central America and the Caribbean,Guatemala,Baby Food,Mary Dickens,Offline,H,2/8/2012,5.76E+08,3/14/2012,8203,255.28,159.42,2094061.84,1307722.26,786339.58,2012,2
Middle East and North Africa,Qatar,Clothes,Bella Forsyth,Offline,L,1/3/2015,6.75E+08,1/7/2015,9930,109.28,35.84,1085150.4,355891.2,729259.2,2015,1
Middle East and North Africa,Israel,Personal Care,Amelia Payne,Online,L,5/13/2012,2.90E+08,5/28/2012,1126,81.73,56.67,92027.98,63810.42,28217.56,2012,5
Asia,Thailand,Snacks,Stephen King,Offline,L,1/13/2012,6.71E+08,2/15/2012,6639,152.58,97.44,1012978.62,646904.16,366074.46,2012,1
Asia,Singapore,Cereal,Kevin Wilson,Online,M,7/30/2011,4.35E+08,8/12/2011,8349,205.7,117.11,1717389.3,977751.39,739637.91,2011,7
Asia,North Korea,Snacks,Mary Manning,Online,C,3/13/2017,5.22E+08,4/8/2017,167,152.58,97.44,25480.86,16272.48,9208.38,2017,3
Europe,Austria,Office Supplies,Felicity Payne,Online,L,3/23/2017,1.42E+08,4/18/2017,3036,651.21,524.96,1977073.56,1593778.56,383295,2017,3
Asia,Japan,Baby Food,Andrew Berry,Offline,L,3/16/2016,8.24E+08,4/19/2016,9929,255.28,159.42,2534675.12,1582881.18,951793.94,2016,3
Sub-Saharan Africa,Zimbabwe,Beverages,Richard Howard,Offline,L,12/18/2015,5.68E+08,12/26/2015,851,47.45,31.79,40379.95,27053.29,13326.66,2015,12
Europe,Lithuania,Fruits,Ruth Rampling,Offline,H,10/25/2011,5.94E+08,11/16/2011,7838,9.33,6.92,73128.54,54238.96,18889.58,2011,10
Europe,Luxembourg,Baby Food,Nicola Wilson,Offline,H,6/30/2011,3.94E+08,8/2/2011,9958,255.28,159.42,2542078.24,1587504.36,954573.88,2011,6
Sub-Saharan Africa,Central African Republic,Cosmetics,Adam Allan,Offline,H,3/27/2016,8.77E+08,4/10/2016,8309,437.2,263.33,3632694.8,2188008.97,1444685.83,2016,3
Europe,Norway,Household,Dylan Anderson,Offline,M,12/23/2016,3.27E+08,1/21/2017,1021,668.27,502.54,682303.67,513093.34,169210.33,2016,12
Sub-Saharan Africa,Democratic Republic of the Congo,Fruits,Jan Mathis,Offline,M,4/18/2013,2.43E+08,4/18/2013,8256,9.33,6.92,77028.48,57131.52,19896.96,2013,4
Australia and Oceania,New Zealand,Household,Ella Hart,Offline,L,3/8/2017,3.99E+08,4/20/2017,7205,668.27,502.54,4814885.35,3620800.7,1194084.65,2017,3
Europe,Ukraine,Personal Care,Dan Clark,Offline,M,6/3/2011,1.85E+08,7/4/2011,7092,81.73,56.67,579629.16,401903.64,177725.52,2011,6
Asia,Taiwan,Personal Care,Alison Vaughan,Offline,H,11/30/2013,8.66E+08,12/31/2013,4173,81.73,56.67,341059.29,236483.91,104575.38,2013,11
Europe,Italy,Cereal,Alexandra Ogden,Offline,C,5/11/2013,6.23E+08,5/31/2013,6733,205.7,117.11,1384978.1,788501.63,596476.47,2013,5
Europe,Finland,Personal Care,Jane Knox,Online,L,11/13/2010,4.10E+08,11/27/2010,89,81.73,56.67,7273.97,5043.63,2230.34,2010,11
Sub-Saharan Africa,Sudan,Office Supplies,Heather Piper,Online,H,3/9/2016,8.00E+08,4/21/2016,1591,651.21,524.96,1036075.11,835211.36,200863.75,2016,3
Europe,Croatia,Snacks,Sally Campbell,Offline,M,8/19/2013,6.38E+08,9/12/2013,5618,152.58,97.44,857194.44,547417.92,309776.52,2013,8
Sub-Saharan Africa,Mauritania,Beverages,Chloe Bond,Online,L,4/19/2011,1.86E+08,5/28/2011,8581,47.45,31.79,407168.45,272789.99,134378.46,2011,4
Australia and Oceania,New Zealand,Baby Food,Natalie Graham,Offline,L,7/20/2014,6.81E+08,7/25/2014,3923,255.28,159.42,1001463.44,625404.66,376058.78,2014,7
Middle East and North Africa,Pakistan,Beverages,Faith Kerr,Online,L,9/8/2014,2.75E+08,9/15/2014,7117,47.45,31.79,337701.65,226249.43,111452.22,2014,9
Europe,Poland,Household,Dominic Pullman,Online,C,6/4/2015,7.95E+08,6/19/2015,668,668.27,502.54,446404.36,335696.72,110707.64,2015,6
Europe,Lithuania,Cereal,James Mills,Offline,M,12/19/2013,9.86E+08,1/1/2014,9113,205.7,117.11,1874544.1,1067223.43,807320.67,2013,12
Middle East and North Africa,Pakistan,Cereal,Warren Peake,Offline,M,5/18/2012,5.64E+08,6/10/2012,4019,205.7,117.11,826708.3,470665.09,356043.21,2012,5
Australia and Oceania,East Timor,Cosmetics,Joan Forsyth,Offline,C,10/12/2013,6.64E+08,11/13/2013,8984,437.2,263.33,3927804.8,2365756.72,1562048.08,2013,10
Australia and Oceania,Marshall Islands,Fruits,Diane Buckland,Online,L,1/2/2011,6.93E+08,1/14/2011,4638,9.33,6.92,43272.54,32094.96,11177.58,2011,1
Central America and the Caribbean,Cuba,Household,Bernadette Gibson,Offline,L,2/2/2013,5.77E+08,2/3/2013,3642,668.27,502.54,2433839.34,1830250.68,603588.66,2013,2
North America,Greenland,Baby Food,Vanessa Gill,Offline,H,3/19/2011,3.13E+08,4/14/2011,5689,255.28,159.42,1452287.92,906940.38,545347.54,2011,3
Europe,Luxembourg,Personal Care,Joanne Allan,Offline,C,10/3/2012,4.19E+08,10/27/2012,2503,81.73,56.67,204570.19,141845.01,62725.18,2012,10
Middle East and North Africa,Israel,Beverages,Deirdre Jackson,Online,C,10/23/2014,5.82E+08,11/15/2014,2838,47.45,31.79,134663.1,90220.02,44443.08,2014,10
Sub-Saharan Africa,Djibouti,Baby Food,Owen Marshall,Online,H,7/12/2015,1.10E+08,7/24/2015,7480,255.28,159.42,1909494.4,1192461.6,717032.8,2015,7
Europe,Bulgaria,Cereal,Megan Knox,Online,L,5/6/2010,1.81E+08,5/27/2010,4247,205.7,117.11,873607.9,497366.17,376241.73,2010,5
Asia,Mongolia,Vegetables,Amy Marshall,Online,C,11/27/2010,6.94E+08,1/9/2011,2988,154.06,90.93,460331.28,271698.84,188632.44,2010,11
Central America and the Caribbean,Dominican Republic,Clothes,Chloe Forsyth,Offline,L,12/26/2010,7.17E+08,12/31/2010,582,109.28,35.84,63600.96,20858.88,42742.08,2010,12
Middle East and North Africa,Yemen,Cosmetics,Dan Fraser,Online,L,12/30/2012,7.39E+08,1/1/2013,5940,437.2,263.33,2596968,1564180.2,1032787.8,2012,12
Australia and Oceania,Federated States of Micronesia,Personal Care,Madeleine Thomson,Online,M,8/21/2016,4.21E+08,9/7/2016,5005,81.73,56.67,409058.65,283633.35,125425.3,2016,8
Europe,Finland,Personal Care,Amelia Vaughan,Online,M,2/3/2015,8.41E+08,3/20/2015,5751,81.73,56.67,470029.23,325909.17,144120.06,2015,2
Central America and the Caribbean,The Bahamas,Cereal,Olivia Rutherford,Offline,L,12/19/2013,4.50E+08,1/4/2014,3181,205.7,117.11,654331.7,372526.91,281804.79,2013,12
Central America and the Caribbean,Grenada,Meat,Adrian Fisher,Online,L,5/12/2012,9.18E+08,6/12/2012,4334,421.89,364.69,1828471.26,1580566.46,247904.8,2012,5
Sub-Saharan Africa,Sao Tome and Principe,Meat,Sophie Black,Offline,M,3/28/2014,3.86E+08,4/19/2014,3275,421.89,364.69,1381689.75,1194359.75,187330,2014,3
Central America and the Caribbean,El Salvador,Personal Care,Sean Carr,Offline,C,1/11/2017,2.15E+08,2/18/2017,6103,81.73,56.67,498798.19,345857.01,152941.18,2017,1
Europe,Sweden,Baby Food,Caroline Thomson,Online,M,6/21/2015,9.35E+08,7/6/2015,5949,255.28,159.42,1518660.72,948389.58,570271.14,2015,6
Asia,Turkmenistan,Cosmetics,Neil Short,Offline,H,11/29/2012,9.00E+08,12/3/2012,7974,437.2,263.33,3486232.8,2099793.42,1386439.38,2012,11
Europe,Monaco,Vegetables,Eric Chapman,Online,H,1/1/2010,3.30E+08,2/13/2010,4369,154.06,90.93,673088.14,397273.17,275814.97,2010,1
Middle East and North Africa,Turkey,Meat,Lillian Newman,Online,H,1/6/2016,8.67E+08,2/6/2016,9359,421.89,364.69,3948468.51,3413133.71,535334.8,2016,1
Sub-Saharan Africa,Mozambique,Beverages,Sean Stewart,Online,M,10/14/2014,6.25E+08,10/23/2014,4199,47.45,31.79,199242.55,133486.21,65756.34,2014,10
Middle East and North Africa,Yemen,Office Supplies,Anthony Hudson,Offline,C,12/9/2013,9.37E+08,1/9/2014,2173,651.21,524.96,1415079.33,1140738.08,274341.25,2013,12
Asia,Philippines,Cereal,Theresa MacDonald,Offline,M,10/19/2010,5.04E+08,11/25/2010,3601,205.7,117.11,740725.7,421713.11,319012.59,2010,10
Sub-Saharan Africa,Democratic Republic of the Congo,Personal Care,Stephanie Brown,Offline,M,5/2/2011,3.52E+08,6/2/2011,830,81.73,56.67,67835.9,47036.1,20799.8,2011,5
Australia and Oceania,Fiji,Snacks,Robert Blake,Online,H,3/17/2011,6.73E+08,3/23/2011,3241,152.58,97.44,494511.78,315803.04,178708.74,2011,3
Europe,Macedonia,Office Supplies,Tim Gray,Offline,H,9/24/2014,3.82E+08,10/13/2014,2244,651.21,524.96,1461315.24,1178010.24,283305,2014,9
Middle East and North Africa,Tunisia,Cereal,Sonia Butler,Online,H,12/1/2015,2.64E+08,12/14/2015,6283,205.7,117.11,1292413.1,735802.13,556610.97,2015,12
Europe,Liechtenstein,Cereal,Max Rutherford,Offline,L,6/2/2017,7.22E+08,7/18/2017,5829,205.7,117.11,1199025.3,682634.19,516391.11,2017,6
Middle East and North Africa,Qatar,Cosmetics,Elizabeth Mitchell,Online,M,8/4/2011,4.32E+08,8/18/2011,8390,437.2,263.33,3668108,2209338.7,1458769.3,2011,8
Australia and Oceania,Tonga,Meat,Lily Gill,Offline,C,7/29/2014,3.90E+08,8/24/2014,3499,421.89,364.69,1476193.11,1276050.31,200142.8,2014,7
Europe,Belgium,Meat,Dorothy Mills,Online,L,1/26/2017,7.60E+08,2/24/2017,7726,421.89,364.69,3259522.14,2817594.94,441927.2,2017,1
Sub-Saharan Africa,Chad,Fruits,Alan Wallace,Offline,C,11/5/2010,4.30E+08,12/9/2010,9669,9.33,6.92,90211.77,66909.48,23302.29,2010,11
Asia,Thailand,Baby Food,Liam Knox,Online,H,3/26/2015,1.55E+08,5/5/2015,4957,255.28,159.42,1265422.96,790244.94,475178.02,2015,3
Europe,Iceland,Clothes,Katherine Davies,Offline,H,10/7/2012,3.12E+08,10/16/2012,1251,109.28,35.84,136709.28,44835.84,91873.44,2012,10
Central America and the Caribbean,Saint Lucia,Meat,Chloe Martin,Offline,L,7/22/2013,4.48E+08,9/2/2013,3245,421.89,364.69,1369033.05,1183419.05,185614,2013,7
Asia,Japan,Cosmetics,Natalie Mackenzie,Offline,C,8/16/2013,6.30E+08,8/18/2013,7661,437.2,263.33,3349389.2,2017371.13,1332018.07,2013,8
Asia,India,Personal Care,Sally Kerr,Offline,L,11/5/2013,9.96E+08,12/17/2013,8254,81.73,56.67,674599.42,467754.18,206845.24,2013,11
Australia and Oceania,Vanuatu,Office Supplies,Victoria Ball,Online,L,3/1/2016,4.03E+08,3/28/2016,812,651.21,524.96,528782.52,426267.52,102515,2016,3
Sub-Saharan Africa,Chad,Meat,Adam Churchill,Offline,M,3/25/2012,4.79E+08,4/4/2012,8150,421.89,364.69,3438403.5,2972223.5,466180,2012,3
Sub-Saharan Africa,Malawi,Cosmetics,Paul Peters,Offline,H,6/20/2017,6.74E+08,6/29/2017,5118,437.2,263.33,2237589.6,1347722.94,889866.66,2017,6
Europe,Finland,Cosmetics,Owen Randall,Online,L,4/18/2014,5.06E+08,5/16/2014,3596,437.2,263.33,1572171.2,946934.68,625236.52,2014,4
Middle East and North Africa,Turkey,Clothes,Anna Lyman,Online,C,6/28/2016,9.14E+08,8/4/2016,7494,109.28,35.84,818944.32,268584.96,550359.36,2016,6
Sub-Saharan Africa,South Africa,Meat,Neil James,Online,L,5/20/2012,2.08E+08,7/1/2012,7755,421.89,364.69,3271756.95,2828170.95,443586,2012,5
Europe,Lithuania,Office Supplies,Mary Morrison,Offline,M,2/4/2014,8.17E+08,2/16/2014,7353,651.21,524.96,4788347.13,3860030.88,928316.25,2014,2
Europe,Russia,Beverages,Karen Skinner,Offline,L,11/15/2015,7.41E+08,11/21/2015,6293,47.45,31.79,298602.85,200054.47,98548.38,2015,11
Central America and the Caribbean,The Bahamas,Baby Food,Adam McGrath,Online,C,1/11/2013,3.00E+08,2/28/2013,6610,255.28,159.42,1687400.8,1053766.2,633634.6,2013,1
Central America and the Caribbean,The Bahamas,Snacks,Julia May,Online,L,4/24/2013,7.87E+08,6/7/2013,7373,152.58,97.44,1124972.34,718425.12,406547.22,2013,4
Middle East and North Africa,Turkey,Cosmetics,Jacob Brown,Offline,C,5/15/2010,4.10E+08,6/3/2010,9679,437.2,263.33,4231658.8,2548771.07,1682887.73,2010,5
Sub-Saharan Africa,Mauritius,Cosmetics,Dan Lee,Offline,H,4/17/2010,1.52E+08,5/22/2010,1659,437.2,263.33,725314.8,436864.47,288450.33,2010,4
Europe,Bulgaria,Vegetables,Chloe Skinner,Online,H,8/25/2012,6.14E+08,9/9/2012,3473,154.06,90.93,535050.38,315799.89,219250.49,2012,8
Middle East and North Africa,Iran,Household,Mary Sanderson,Offline,L,4/19/2014,6.68E+08,5/13/2014,2315,668.27,502.54,1547045.05,1163380.1,383664.95,2014,4
Sub-Saharan Africa,Ghana,Household,Chloe Arnold,Online,M,2/26/2013,6.07E+08,4/5/2013,7408,668.27,502.54,4950544.16,3722816.32,1227727.84,2013,2
Sub-Saharan Africa,Malawi,Baby Food,Sean Clarkson,Online,M,12/28/2011,7.93E+08,1/17/2012,5006,255.28,159.42,1277931.68,798056.52,479875.16,2011,12
Sub-Saharan Africa,Zimbabwe,Baby Food,Tracey Newman,Offline,M,8/21/2014,3.08E+08,10/10/2014,3395,255.28,159.42,866675.6,541230.9,325444.7,2014,8
Asia,Tajikistan,Vegetables,Harry James,Online,H,8/21/2014,1.07E+08,10/2/2014,7894,154.06,90.93,1216149.64,717801.42,498348.22,2014,8
Europe,Czech Republic,Cereal,Victoria Ogden,Online,H,3/2/2014,7.61E+08,3/28/2014,5851,205.7,117.11,1203550.7,685210.61,518340.09,2014,3
Sub-Saharan Africa,Mauritius,Household,Emily Pullman,Online,L,9/6/2012,2.17E+08,9/27/2012,1646,668.27,502.54,1099972.42,827180.84,272791.58,2012,9
Sub-Saharan Africa,Lesotho,Fruits,Emily Mills,Online,H,9/16/2010,5.36E+08,9/22/2010,1689,9.33,6.92,15758.37,11687.88,4070.49,2010,9
Sub-Saharan Africa,Mali,Beverages,Emily Sanderson,Online,L,8/13/2013,2.54E+08,8/15/2013,9424,47.45,31.79,447168.8,299588.96,147579.84,2013,8
Europe,Georgia,Personal Care,Gavin Glover,Online,C,9/11/2012,2.26E+08,10/23/2012,323,81.73,56.67,26398.79,18304.41,8094.38,2012,9
Europe,Albania,Office Supplies,Joshua Greene,Offline,M,8/31/2011,4.76E+08,10/15/2011,6892,651.21,524.96,4488139.32,3618024.32,870115,2011,8
Europe,Cyprus,Cosmetics,Jack Walker,Offline,L,4/21/2015,6.51E+08,6/6/2015,3667,437.2,263.33,1603212.4,965631.11,637581.29,2015,4
Central America and the Caribbean,Saint Kitts and Nevis,Household,James Duncan,Offline,C,7/11/2010,4.65E+08,7/27/2010,2215,668.27,502.54,1480218.05,1113126.1,367091.95,2010,7
Middle East and North Africa,Tunisia,Meat,Sophie Nash,Offline,C,8/9/2015,1.54E+08,9/21/2015,6135,421.89,364.69,2588295.15,2237373.15,350922,2015,8
Central America and the Caribbean,Cuba,Meat,Jake Fisher,Online,M,10/17/2015,9.26E+08,12/6/2015,6057,421.89,364.69,2555387.73,2208927.33,346460.4,2015,10
Australia and Oceania,Kiribati,Cereal,Julia Kerr,Offline,L,7/24/2012,9.05E+08,8/16/2012,4641,205.7,117.11,954653.7,543507.51,411146.19,2012,7
Asia,Cambodia,Snacks,Amy Sharp,Online,C,3/25/2012,9.91E+08,5/4/2012,1581,152.58,97.44,241228.98,154052.64,87176.34,2012,3
Europe,Moldova,Baby Food,Stephen Parr,Online,M,8/11/2014,7.99E+08,9/18/2014,8600,255.28,159.42,2195408,1371012,824396,2014,8
Asia,Uzbekistan,Cereal,Connor Bond,Offline,C,10/15/2016,9.17E+08,11/28/2016,4452,205.7,117.11,915776.4,521373.72,394402.68,2016,10
Asia,India,Cosmetics,Boris Piper,Offline,L,12/3/2016,6.53E+08,1/21/2017,9924,437.2,263.33,4338772.8,2613286.92,1725485.88,2016,12
Europe,Germany,Personal Care,Kimberly Payne,Offline,C,6/12/2010,2.86E+08,7/13/2010,2834,81.73,56.67,231622.82,160602.78,71020.04,2010,6
Europe,Austria,Vegetables,Felicity Arnold,Online,C,7/29/2016,6.13E+08,8/31/2016,3030,154.06,90.93,466801.8,275517.9,191283.9,2016,7
Europe,Germany,Office Supplies,Leonard Rees,Offline,L,12/9/2013,7.04E+08,1/12/2014,7391,651.21,524.96,4813093.11,3879979.36,933113.75,2013,12
Asia,Bhutan,Clothes,Mary Peters,Online,M,7/12/2012,1.47E+08,8/9/2012,4829,109.28,35.84,527713.12,173071.36,354641.76,2012,7
Asia,Kyrgyzstan,Fruits,Jonathan Morrison,Online,C,1/14/2012,4.03E+08,3/2/2012,1287,9.33,6.92,12007.71,8906.04,3101.67,2012,1
Middle East and North Africa,Somalia,Personal Care,Owen Abraham,Online,C,3/20/2013,7.50E+08,4/25/2013,4738,81.73,56.67,387236.74,268502.46,118734.28,2013,3
Central America and the Caribbean,Saint Lucia,Household,Thomas Mathis,Online,H,2/10/2014,5.39E+08,3/10/2014,186,668.27,502.54,124298.22,93472.44,30825.78,2014,2
Europe,Armenia,Snacks,Samantha MacLeod,Offline,H,10/26/2013,5.40E+08,11/15/2013,4668,152.58,97.44,712243.44,454849.92,257393.52,2013,10
North America,Canada,Beverages,Stephen Wilkins,Online,C,4/16/2016,6.95E+08,6/2/2016,2252,47.45,31.79,106857.4,71591.08,35266.32,2016,4
Sub-Saharan Africa,Burundi,Cosmetics,Wendy Scott,Offline,H,5/27/2011,5.63E+08,6/2/2011,9036,437.2,263.33,3950539.2,2379449.88,1571089.32,2011,5
Europe,Liechtenstein,Cereal,Donna Simpson,Online,L,8/4/2016,6.76E+08,9/9/2016,8149,205.7,117.11,1676249.3,954329.39,721919.91,2016,8
Middle East and North Africa,Tunisia,Snacks,Julia Glover,Offline,L,7/3/2012,2.86E+08,8/5/2012,4754,152.58,97.44,725365.32,463229.76,262135.56,2012,7
Middle East and North Africa,Iraq,Beverages,Diana Bond,Online,L,12/4/2014,5.15E+08,1/11/2015,1042,47.45,31.79,49442.9,33125.18,16317.72,2014,12
Asia,Indonesia,Cosmetics,Stephen Underwood,Offline,C,5/31/2010,3.05E+08,6/1/2010,1237,437.2,263.33,540816.4,325739.21,215077.19,2010,5
Asia,Kazakhstan,Beverages,Alexandra Hill,Online,H,2/5/2013,4.68E+08,2/17/2013,6594,47.45,31.79,312885.3,209623.26,103262.04,2013,2
Europe,Denmark,Beverages,Justin Brown,Offline,C,6/15/2015,5.38E+08,7/9/2015,399,47.45,31.79,18932.55,12684.21,6248.34,2015,6
Europe,Luxembourg,Vegetables,Michael Skinner,Offline,L,10/21/2014,1.17E+08,11/18/2014,2969,154.06,90.93,457404.14,269971.17,187432.97,2014,10
Sub-Saharan Africa,Cape Verde,Snacks,Sue Ellison,Offline,C,2/13/2017,2.29E+08,3/13/2017,6653,152.58,97.44,1015114.74,648268.32,366846.42,2017,2
Australia and Oceania,Palau,Vegetables,Carolyn Reid,Offline,C,6/29/2010,1.68E+08,7/16/2010,832,154.06,90.93,128177.92,75653.76,52524.16,2010,6
Australia and Oceania,Australia,Vegetables,Joshua Alsop,Online,M,5/19/2014,6.48E+08,5/20/2014,6915,154.06,90.93,1065324.9,628780.95,436543.95,2014,5
Central America and the Caribbean,Nicaragua,Meat,Jennifer Morgan,Offline,L,3/21/2015,6.53E+08,4/15/2015,3346,421.89,364.69,1411643.94,1220252.74,191391.2,2015,3
Asia,Laos,Office Supplies,Sally Dyer,Offline,M,8/31/2015,5.88E+08,10/15/2015,598,651.21,524.96,389423.58,313926.08,75497.5,2015,8
Central America and the Caribbean,Cuba,Personal Care,Benjamin Fraser,Online,L,8/23/2015,9.29E+08,8/30/2015,6176,81.73,56.67,504764.48,349993.92,154770.56,2015,8
Europe,Moldova,Cosmetics,Simon Kelly,Offline,L,2/24/2016,8.70E+08,3/17/2016,9615,437.2,263.33,4203678,2531917.95,1671760.05,2016,2
Middle East and North Africa,Syria,Household,Irene Vaughan,Online,C,6/17/2015,5.77E+08,7/23/2015,7485,668.27,502.54,5002000.95,3761511.9,1240489.05,2015,6
Central America and the Caribbean,The Bahamas,Cereal,Una Smith,Offline,M,11/27/2012,7.36E+08,12/6/2012,8382,205.7,117.11,1724177.4,981616.02,742561.38,2012,11
Europe,Belarus,Snacks,Amanda Hunter,Offline,M,9/7/2012,3.04E+08,10/19/2012,7938,152.58,97.44,1211180.04,773478.72,437701.32,2012,9
Middle East and North Africa,United Arab Emirates,Clothes,Joe Grant,Offline,C,6/23/2012,5.56E+08,8/7/2012,3812,109.28,35.84,416575.36,136622.08,279953.28,2012,6
Sub-Saharan Africa,Angola,Beverages,Owen Tucker,Offline,H,10/23/2014,1.41E+08,11/11/2014,698,47.45,31.79,33120.1,22189.42,10930.68,2014,10
Central America and the Caribbean,Cuba,Cosmetics,Una Walsh,Offline,C,9/18/2015,9.25E+08,10/18/2015,5320,437.2,263.33,2325904,1400915.6,924988.4,2015,9
Europe,Ukraine,Office Supplies,Jonathan Wilkins,Online,H,1/24/2016,3.46E+08,2/20/2016,1431,651.21,524.96,931881.51,751217.76,180663.75,2016,1
Sub-Saharan Africa,Mozambique,Fruits,Ella Mackenzie,Offline,H,3/23/2010,8.61E+08,4/19/2010,4818,9.33,6.92,44951.94,33340.56,11611.38,2010,3
Europe,Armenia,Personal Care,Diana Piper,Online,M,7/26/2012,5.00E+08,8/28/2012,8299,81.73,56.67,678277.27,470304.33,207972.94,2012,7
North America,Greenland,Clothes,Gavin Pullman,Online,H,10/20/2015,5.09E+08,11/2/2015,6722,109.28,35.84,734580.16,240916.48,493663.68,2015,10
Central America and the Caribbean,Saint Kitts and Nevis,Office Supplies,Eric Hughes,Online,M,6/27/2017,4.09E+08,7/18/2017,1968,651.21,524.96,1281581.28,1033121.28,248460,2017,6
Europe,Vatican City,Beverages,Jacob Morgan,Offline,M,4/4/2016,2.38E+08,4/30/2016,7946,47.45,31.79,377037.7,252603.34,124434.36,2016,4
Europe,Ukraine,Clothes,Peter McGrath,Online,C,8/5/2015,1.05E+08,9/9/2015,5600,109.28,35.84,611968,200704,411264,2015,8
Sub-Saharan Africa,Niger,Cereal,Dan Miller,Offline,L,6/16/2012,6.41E+08,7/4/2012,7903,205.7,117.11,1625647.1,925520.33,700126.77,2012,6
Asia,Myanmar,Cosmetics,Max Parr,Online,L,4/3/2016,7.45E+08,5/5/2016,4860,437.2,263.33,2124792,1279783.8,845008.2,2016,4
Sub-Saharan Africa,Guinea,Baby Food,Phil Wright,Offline,C,9/21/2014,7.38E+08,9/21/2014,8508,255.28,159.42,2171922.24,1356345.36,815576.88,2014,9
Sub-Saharan Africa,Guinea-Bissau,Snacks,Bella May,Online,L,8/8/2015,1.11E+08,9/10/2015,7913,152.58,97.44,1207365.54,771042.72,436322.82,2015,8
Sub-Saharan Africa,South Sudan,Office Supplies,Vanessa Wilkins,Online,C,7/19/2012,6.74E+08,7/20/2012,4174,651.21,524.96,2718150.54,2191183.04,526967.5,2012,7
Middle East and North Africa,Turkey,Snacks,Joanne Young,Offline,H,8/26/2011,7.08E+08,9/13/2011,5421,152.58,97.44,827136.18,528222.24,298913.94,2011,8
Australia and Oceania,Palau,Household,Benjamin Taylor,Online,M,6/23/2012,8.16E+08,7/1/2012,1816,668.27,502.54,1213578.32,912612.64,300965.68,2012,6
Europe,Poland,Beverages,Lauren Ross,Offline,L,11/20/2011,7.69E+08,12/24/2011,550,47.45,31.79,26097.5,17484.5,8613,2011,11
Asia,Malaysia,Beverages,Andrew Edmunds,Offline,L,5/13/2015,8.60E+08,6/4/2015,848,47.45,31.79,40237.6,26957.92,13279.68,2015,5
North America,United States of America,Personal Care,Amelia Graham,Offline,C,7/16/2010,5.51E+08,8/22/2010,8963,81.73,56.67,732545.99,507933.21,224612.78,2010,7
Europe,Switzerland,Cosmetics,Grace Davidson,Online,C,5/21/2016,7.25E+08,5/27/2016,3183,437.2,263.33,1391607.6,838179.39,553428.21,2016,5
Australia and Oceania,Papua New Guinea,Cosmetics,Anthony Rampling,Offline,H,4/22/2011,5.35E+08,6/8/2011,8825,437.2,263.33,3858290,2323887.25,1534402.75,2011,4
Sub-Saharan Africa,Namibia,Beverages,Colin Slater,Offline,H,8/14/2012,5.54E+08,9/20/2012,3237,47.45,31.79,153595.65,102904.23,50691.42,2012,8
Europe,Ireland,Clothes,Anna Knox,Online,C,3/17/2012,5.27E+08,5/2/2012,799,109.28,35.84,87314.72,28636.16,58678.56,2012,3
Sub-Saharan Africa,Mozambique,Household,Gabrielle Peters,Online,C,8/6/2010,7.17E+08,8/9/2010,7922,668.27,502.54,5294034.94,3981121.88,1312913.06,2010,8
Sub-Saharan Africa,Democratic Republic of the Congo,Baby Food,Peter Peake,Offline,L,2/25/2013,5.59E+08,3/26/2013,8049,255.28,159.42,2054748.72,1283171.58,771577.14,2013,2
North America,United States of America,Meat,Neil Nolan,Online,M,3/6/2011,9.08E+08,3/10/2011,6654,421.89,364.69,2807256.06,2426647.26,380608.8,2011,3
Middle East and North Africa,Azerbaijan,Office Supplies,Bernadette Langdon,Offline,M,12/14/2015,8.89E+08,12/16/2015,6240,651.21,524.96,4063550.4,3275750.4,787800,2015,12
Europe,Belgium,Office Supplies,Simon Thomson,Offline,C,2/10/2017,1.46E+08,2/16/2017,1345,651.21,524.96,875877.45,706071.2,169806.25,2017,2
Asia,Taiwan,Office Supplies,Nathan Grant,Offline,L,9/20/2016,1.97E+08,10/28/2016,3536,651.21,524.96,2302678.56,1856258.56,446420,2016,9
Central America and the Caribbean,Panama,Baby Food,Wendy Parr,Online,M,4/30/2010,3.76E+08,6/2/2010,6411,255.28,159.42,1636600.08,1022041.62,614558.46,2010,4
Europe,Andorra,Beverages,Luke Wright,Offline,H,6/25/2013,9.90E+08,7/10/2013,600,47.45,31.79,28470,19074,9396,2013,6
Europe,Georgia,Household,Brandon Jones,Offline,H,7/4/2012,1.65E+08,7/27/2012,8765,668.27,502.54,5857386.55,4404763.1,1452623.45,2012,7
Central America and the Caribbean,Barbados,Snacks,Amanda Reid,Online,C,9/21/2013,6.00E+08,10/22/2013,597,152.58,97.44,91090.26,58171.68,32918.58,2013,9
Europe,Sweden,Personal Care,Neil Welch,Offline,C,12/8/2016,1.10E+08,1/6/2017,7821,81.73,56.67,639210.33,443216.07,195994.26,2016,12
Middle East and North Africa,Algeria,Meat,Edward Forsyth,Offline,M,9/2/2011,1.83E+08,10/15/2011,9191,421.89,364.69,3877590.99,3351865.79,525725.2,2011,9
Europe,Italy,Personal Care,Emma Walsh,Online,L,3/21/2011,1.28E+08,4/2/2011,5494,81.73,56.67,449024.62,311344.98,137679.64,2011,3
Europe,Russia,Fruits,Sean Johnston,Offline,L,1/8/2011,2.22E+08,1/26/2011,4546,9.33,6.92,42414.18,31458.32,10955.86,2011,1
Central America and the Caribbean,Antigua and Barbuda,Office Supplies,Stewart Hughes,Offline,M,2/22/2015,3.63E+08,2/22/2015,6197,651.21,524.96,4035548.37,3253177.12,782371.25,2015,2
Middle East and North Africa,Jordan,Fruits,Tracey Churchill,Online,C,5/15/2017,5.22E+08,6/25/2017,7325,9.33,6.92,68342.25,50689,17653.25,2017,5
Sub-Saharan Africa,Mali,Meat,Kylie Clark,Online,L,7/14/2012,2.86E+08,8/15/2012,6844,421.89,364.69,2887415.16,2495938.36,391476.8,2012,7
Middle East and North Africa,Somalia,Cereal,Michelle Hudson,Offline,C,6/25/2015,2.15E+08,6/30/2015,694,205.7,117.11,142755.8,81274.34,61481.46,2015,6
Middle East and North Africa,Kuwait,Snacks,Leonard Skinner,Online,L,10/26/2011,4.90E+08,11/1/2011,6850,152.58,97.44,1045173,667464,377709,2011,10
Sub-Saharan Africa,Liberia,Office Supplies,Boris Murray,Offline,C,9/24/2014,4.59E+08,10/12/2014,316,651.21,524.96,205782.36,165887.36,39895,2014,9
Asia,China,Office Supplies,Sebastian Burgess,Online,C,9/30/2015,8.94E+08,11/7/2015,8128,651.21,524.96,5293034.88,4266874.88,1026160,2015,9
Europe,Andorra,Meat,Nathan McGrath,Offline,M,3/31/2011,8.34E+08,3/31/2011,4355,421.89,364.69,1837330.95,1588224.95,249106,2011,3
Sub-Saharan Africa,Niger,Beverages,Edward Poole,Online,C,10/25/2013,7.42E+08,10/28/2013,5093,47.45,31.79,241662.85,161906.47,79756.38,2013,10
Europe,Hungary,Vegetables,Paul Cornish,Offline,M,8/12/2010,2.48E+08,9/14/2010,3475,154.06,90.93,535358.5,315981.75,219376.75,2010,8
Europe,Monaco,Clothes,Victor McLean,Offline,M,7/26/2012,4.04E+08,9/4/2012,4659,109.28,35.84,509135.52,166978.56,342156.96,2012,7
Australia and Oceania,Tuvalu,Household,Julia Forsyth,Online,L,9/30/2012,5.32E+08,10/12/2012,840,668.27,502.54,561346.8,422133.6,139213.2,2012,9
Sub-Saharan Africa,South Sudan,Baby Food,Stephen Campbell,Online,C,11/9/2012,4.74E+08,12/29/2012,6240,255.28,159.42,1592947.2,994780.8,598166.4,2012,11
Europe,Cyprus,Cereal,Luke Hamilton,Offline,M,11/19/2011,1.42E+08,1/2/2012,2114,205.7,117.11,434849.8,247570.54,187279.26,2011,11
Europe,Poland,Household,Adam Hunter,Offline,M,6/9/2017,8.70E+08,7/25/2017,1749,668.27,502.54,1168804.23,878942.46,289861.77,2017,6
Sub-Saharan Africa,Liberia,Snacks,Rachel Lewis,Online,H,9/17/2011,4.60E+08,11/4/2011,5462,152.58,97.44,833391.96,532217.28,301174.68,2011,9
Sub-Saharan Africa,Cote d'Ivoire,Vegetables,Isaac Mitchell,Online,C,10/23/2015,8.37E+08,10/26/2015,5602,154.06,90.93,863044.12,509389.86,353654.26,2015,10
Asia,Kyrgyzstan,Beverages,Bernadette Dickens,Online,C,4/3/2010,3.94E+08,4/9/2010,1547,47.45,31.79,73405.15,49179.13,24226.02,2010,4
Europe,Slovakia,Vegetables,Jasmine Parsons,Offline,L,7/3/2014,7.44E+08,7/14/2014,4711,154.06,90.93,725776.66,428371.23,297405.43,2014,7
Asia,Malaysia,Cosmetics,David Bailey,Offline,M,12/30/2014,8.74E+08,1/13/2015,3534,437.2,263.33,1545064.8,930608.22,614456.58,2014,12
Sub-Saharan Africa,Liberia,Beverages,Evan Fisher,Online,L,5/19/2014,2.86E+08,6/10/2014,8491,47.45,31.79,402897.95,269928.89,132969.06,2014,5
Australia and Oceania,Vanuatu,Cosmetics,Molly Marshall,Online,H,8/4/2012,3.57E+08,9/3/2012,7086,437.2,263.33,3097999.2,1865956.38,1232042.82,2012,8
Australia and Oceania,Kiribati,Baby Food,Deirdre Parr,Offline,L,8/15/2010,2.81E+08,10/1/2010,8856,255.28,159.42,2260759.68,1411823.52,848936.16,2010,8
Middle East and North Africa,Turkey,Baby Food,Jan Vaughan,Online,M,4/26/2014,2.24E+08,5/17/2014,368,255.28,159.42,93943.04,58666.56,35276.48,2014,4
Europe,San Marino,Fruits,Samantha Reid,Offline,M,6/10/2015,8.73E+08,6/23/2015,221,9.33,6.92,2061.93,1529.32,532.61,2015,6
Europe,Vatican City,Snacks,Cameron Graham,Offline,C,8/12/2010,2.84E+08,9/2/2010,4044,152.58,97.44,617033.52,394047.36,222986.16,2010,8
Middle East and North Africa,Morocco,Beverages,Rose Ross,Offline,C,8/28/2012,6.32E+08,9/5/2012,9499,47.45,31.79,450727.55,301973.21,148754.34,2012,8
Sub-Saharan Africa,Equatorial Guinea,Meat,William Hudson,Offline,L,7/15/2016,5.66E+08,8/9/2016,1277,421.89,364.69,538753.53,465709.13,73044.4,2016,7
Middle East and North Africa,Jordan,Vegetables,Joseph Parr,Online,M,9/14/2010,1.52E+08,10/19/2010,6104,154.06,90.93,940382.24,555036.72,385345.52,2010,9
Asia,Kyrgyzstan,Vegetables,Stewart Henderson,Online,H,3/7/2011,4.28E+08,4/16/2011,7733,154.06,90.93,1191345.98,703161.69,488184.29,2011,3
Sub-Saharan Africa,Republic of the Congo,Fruits,John Rutherford,Online,L,4/30/2012,2.52E+08,5/5/2012,1950,9.33,6.92,18193.5,13494,4699.5,2012,4
Australia and Oceania,East Timor,Snacks,Tim Duncan,Offline,C,5/18/2013,3.51E+08,6/22/2013,1574,152.58,97.44,240160.92,153370.56,86790.36,2013,5
Europe,Estonia,Meat,Lauren Ogden,Offline,H,8/10/2014,1.75E+08,9/25/2014,1452,421.89,364.69,612584.28,529529.88,83054.4,2014,8
Asia,Bangladesh,Snacks,Michael Lambert,Online,H,7/31/2013,1.43E+08,9/11/2013,3465,152.58,97.44,528689.7,337629.6,191060.1,2013,7
Sub-Saharan Africa,Senegal,Fruits,Jan Ellison,Offline,H,7/2/2016,2.92E+08,8/15/2016,1523,9.33,6.92,14209.59,10539.16,3670.43,2016,7
Middle East and North Africa,Pakistan,Fruits,Andrea Bond,Offline,L,9/13/2011,7.34E+08,9/20/2011,6569,9.33,6.92,61288.77,45457.48,15831.29,2011,9
Europe,Czech Republic,Beverages,Christian Turner,Online,H,4/18/2011,2.96E+08,4/19/2011,1578,47.45,31.79,74876.1,50164.62,24711.48,2011,4
Sub-Saharan Africa,Ghana,Meat,David Hart,Offline,C,2/9/2017,5.81E+08,3/18/2017,6552,421.89,364.69,2764223.28,2389448.88,374774.4,2017,2
Asia,Japan,Cosmetics,Charles Howard,Offline,H,11/20/2016,1.07E+08,12/23/2016,3530,437.2,263.33,1543316,929554.9,613761.1,2016,11
Asia,Kazakhstan,Baby Food,Ava Jackson,Offline,H,10/16/2010,1.66E+08,12/5/2010,1578,255.28,159.42,402831.84,251564.76,151267.08,2010,10
Central America and the Caribbean,The Bahamas,Snacks,Donna Hardacre,Offline,H,3/15/2015,7.69E+08,3/27/2015,1794,152.58,97.44,273728.52,174807.36,98921.16,2015,3
Sub-Saharan Africa,Ethiopia,Household,Fiona Stewart,Online,M,6/25/2013,1.96E+08,7/25/2013,2309,668.27,502.54,1543035.43,1160364.86,382670.57,2013,6
Sub-Saharan Africa,Burkina Faso,Cosmetics,Leah Sanderson,Offline,L,10/11/2012,8.50E+08,11/9/2012,3284,437.2,263.33,1435764.8,864775.72,570989.08,2012,10
Sub-Saharan Africa,Madagascar,Fruits,Richard Paterson,Offline,M,7/8/2017,7.02E+08,7/30/2017,1910,9.33,6.92,17820.3,13217.2,4603.1,2017,7
Europe,Netherlands,Office Supplies,Lily Peters,Online,M,6/22/2010,9.45E+08,7/27/2010,7413,651.21,524.96,4827419.73,3891528.48,935891.25,2010,6
Europe,Greece,Vegetables,Natalie Bell,Online,L,2/17/2017,1.41E+08,3/21/2017,6046,154.06,90.93,931446.76,549762.78,381683.98,2017,2
Middle East and North Africa,Egypt,Meat,John Burgess,Online,C,1/14/2011,9.73E+08,2/25/2011,6096,421.89,364.69,2571841.44,2223150.24,348691.2,2011,1
Sub-Saharan Africa,South Sudan,Fruits,Molly Forsyth,Online,M,1/9/2016,7.94E+08,2/8/2016,2880,9.33,6.92,26870.4,19929.6,6940.8,2016,1
Europe,Kosovo,Baby Food,Paul Wallace,Online,L,7/18/2011,1.78E+08,8/13/2011,3747,255.28,159.42,956534.16,597346.74,359187.42,2011,7
Asia,Brunei,Beverages,Olivia Bower,Online,L,3/16/2012,6.68E+08,5/4/2012,3077,47.45,31.79,146003.65,97817.83,48185.82,2012,3
Australia and Oceania,Australia,Vegetables,Fiona Baker,Online,C,12/15/2010,7.29E+08,1/12/2011,7281,154.06,90.93,1121710.86,662061.33,459649.53,2010,12
Sub-Saharan Africa,Cape Verde,Fruits,Katherine Hill,Offline,H,3/2/2013,6.96E+08,4/3/2013,9800,9.33,6.92,91434,67816,23618,2013,3
Sub-Saharan Africa,Malawi,Household,Amanda Hamilton,Offline,H,2/17/2010,5.21E+08,4/4/2010,6110,668.27,502.54,4083129.7,3070519.4,1012610.3,2010,2
Asia,Philippines,Personal Care,Justin Ferguson,Online,L,2/19/2013,2.32E+08,3/30/2013,8714,81.73,56.67,712195.22,493822.38,218372.84,2013,2
Europe,Estonia,Beverages,Julian Hughes,Online,L,10/28/2011,3.73E+08,12/12/2011,2149,47.45,31.79,101970.05,68316.71,33653.34,2011,10
Central America and the Caribbean,Trinidad and Tobago,Office Supplies,Molly Parr,Offline,L,10/26/2015,6.60E+08,12/2/2015,7982,651.21,524.96,5197958.22,4190230.72,1007727.5,2015,10
Asia,Mongolia,Household,Victoria Berry,Online,C,2/5/2013,4.28E+08,2/5/2013,9812,668.27,502.54,6557065.24,4930922.48,1626142.76,2013,2
Asia,Japan,Personal Care,Deirdre Cameron,Offline,M,8/25/2011,8.85E+08,9/3/2011,8269,81.73,56.67,675825.37,468604.23,207221.14,2011,8
Sub-Saharan Africa,Niger,Meat,Faith Miller,Online,C,12/4/2012,1.57E+08,12/5/2012,6014,421.89,364.69,2537246.46,2193245.66,344000.8,2012,12
Middle East and North Africa,Egypt,Baby Food,Madeleine Dickens,Offline,M,9/8/2015,9.40E+08,9/9/2015,2739,255.28,159.42,699211.92,436651.38,262560.54,2015,9
Central America and the Caribbean,Saint Lucia,Vegetables,Christopher Harris,Online,C,3/1/2012,1.52E+08,4/19/2012,168,154.06,90.93,25882.08,15276.24,10605.84,2012,3
Middle East and North Africa,Qatar,Cereal,Owen Johnston,Offline,C,8/5/2014,1.80E+08,8/24/2014,7055,205.7,117.11,1451213.5,826211.05,625002.45,2014,8
Sub-Saharan Africa,Mali,Fruits,Gavin Blake,Offline,H,7/24/2013,3.33E+08,7/28/2013,4188,9.33,6.92,39074.04,28980.96,10093.08,2013,7
Central America and the Caribbean,Saint Lucia,Cosmetics,Jane Burgess,Online,L,1/26/2012,8.89E+08,2/28/2012,9383,437.2,263.33,4102247.6,2470825.39,1631422.21,2012,1
Sub-Saharan Africa,Swaziland,Clothes,John Graham,Offline,M,3/10/2014,8.45E+08,4/26/2014,2488,109.28,35.84,271888.64,89169.92,182718.72,2014,3
Asia,Mongolia,Fruits,Molly Blake,Online,M,9/12/2013,1.71E+08,10/8/2013,385,9.33,6.92,3592.05,2664.2,927.85,2013,9
Sub-Saharan Africa,Botswana,Office Supplies,Eric Duncan,Online,C,1/5/2013,2.56E+08,1/18/2013,1983,651.21,524.96,1291349.43,1040995.68,250353.75,2013,1
Europe,San Marino,Cosmetics,Nicholas MacDonald,Online,H,10/28/2011,7.60E+08,12/8/2011,3226,437.2,263.33,1410407.2,849502.58,560904.62,2011,10
Middle East and North Africa,Oman,Fruits,Kylie McDonald,Online,C,11/21/2010,9.61E+08,11/25/2010,2087,9.33,6.92,19471.71,14442.04,5029.67,2010,11
Asia,Bangladesh,Office Supplies,Kimberly Jones,Offline,C,10/28/2015,2.10E+08,12/4/2015,3570,651.21,524.96,2324819.7,1874107.2,450712.5,2015,10
Sub-Saharan Africa,Namibia,Cosmetics,Maria Peters,Offline,C,7/29/2010,1.78E+08,9/1/2010,4713,437.2,263.33,2060523.6,1241074.29,819449.31,2010,7
Asia,Mongolia,Fruits,Julia Sutherland,Online,M,3/30/2014,8.05E+08,5/1/2014,9582,9.33,6.92,89400.06,66307.44,23092.62,2014,3
Asia,North Korea,Beverages,Oliver Miller,Online,C,9/14/2016,7.53E+08,10/12/2016,4276,47.45,31.79,202896.2,135934.04,66962.16,2016,9
Europe,Latvia,Clothes,Colin Walker,Online,M,9/6/2012,5.51E+08,9/15/2012,1925,109.28,35.84,210364,68992,141372,2012,9
Sub-Saharan Africa,Burundi,Snacks,Ava Allan,Offline,M,2/8/2013,3.53E+08,3/5/2013,7689,152.58,97.44,1173187.62,749216.16,423971.46,2013,2
Sub-Saharan Africa,Seychelles,Personal Care,Rachel Underwood,Online,C,1/17/2011,3.80E+08,1/30/2011,3762,81.73,56.67,307468.26,213192.54,94275.72,2011,1
Sub-Saharan Africa,Kenya,Cereal,Luke Pullman,Online,H,10/11/2015,4.74E+08,11/6/2015,4368,205.7,117.11,898497.6,511536.48,386961.12,2015,10
Sub-Saharan Africa,Benin,Office Supplies,Jonathan Mackenzie,Online,C,2/21/2011,5.47E+08,2/23/2011,760,651.21,524.96,494919.6,398969.6,95950,2011,2
Central America and the Caribbean,Saint Lucia,Personal Care,Yvonne Russell,Online,C,4/29/2012,1.33E+08,6/13/2012,6225,81.73,56.67,508769.25,352770.75,155998.5,2012,4
Middle East and North Africa,Qatar,Meat,Steven King,Online,H,8/30/2016,6.35E+08,10/14/2016,1080,421.89,364.69,455641.2,393865.2,61776,2016,8
Sub-Saharan Africa,Mozambique,Beverages,Simon Paterson,Online,C,12/20/2014,3.77E+08,12/26/2014,7675,47.45,31.79,364178.75,243988.25,120190.5,2014,12
Middle East and North Africa,Pakistan,Clothes,Anna Baker,Offline,M,6/28/2010,4.51E+08,7/21/2010,5388,109.28,35.84,588800.64,193105.92,395694.72,2010,6
Asia,Taiwan,Personal Care,Alexander Mackay,Online,M,2/6/2015,6.72E+08,2/6/2015,5631,81.73,56.67,460221.63,319108.77,141112.86,2015,2
Central America and the Caribbean,Cuba,Cereal,Brandon Powell,Offline,L,3/30/2015,9.25E+08,5/1/2015,6847,205.7,117.11,1408427.9,801852.17,606575.73,2015,3
Central America and the Caribbean,Cuba,Household,Austin Carr,Offline,H,7/28/2013,7.15E+08,8/24/2013,9509,668.27,502.54,6354579.43,4778652.86,1575926.57,2013,7
Europe,Russia,Beverages,Cameron Harris,Offline,C,1/6/2010,5.16E+08,2/5/2010,1122,47.45,31.79,53238.9,35668.38,17570.52,2010,1
Europe,Switzerland,Cereal,Katherine Campbell,Offline,C,2/20/2013,4.23E+08,4/11/2013,1222,205.7,117.11,251365.4,143108.42,108256.98,2013,2
Europe,Czech Republic,Personal Care,Yvonne Taylor,Offline,H,8/25/2013,6.03E+08,9/29/2013,6377,81.73,56.67,521192.21,361384.59,159807.62,2013,8
Europe,Poland,Meat,Alexander Powell,Offline,C,11/16/2010,8.41E+08,12/31/2010,5185,421.89,364.69,2187499.65,1890917.65,296582,2010,11
Sub-Saharan Africa,Mauritius,Cereal,Sean Bower,Offline,L,8/2/2016,9.95E+08,9/1/2016,3275,205.7,117.11,673667.5,383535.25,290132.25,2016,8
Middle East and North Africa,Pakistan,Vegetables,Rose Graham,Offline,M,4/25/2013,5.39E+08,4/25/2013,8310,154.06,90.93,1280238.6,755628.3,524610.3,2013,4
Sub-Saharan Africa,South Africa,Fruits,Benjamin Parsons,Offline,L,3/2/2011,8.22E+08,3/11/2011,4981,9.33,6.92,46472.73,34468.52,12004.21,2011,3
Sub-Saharan Africa,Seychelles,Household,Edward Churchill,Online,C,9/28/2013,1.10E+08,10/16/2013,13,668.27,502.54,8687.51,6533.02,2154.49,2013,9
Sub-Saharan Africa,Benin,Meat,Gordon Jones,Offline,M,5/5/2014,3.41E+08,6/5/2014,7159,421.89,364.69,3020310.51,2610815.71,409494.8,2014,5
Sub-Saharan Africa,Benin,Meat,Jonathan Lee,Offline,L,11/28/2014,3.73E+08,12/9/2014,2207,421.89,364.69,931111.23,804870.83,126240.4,2014,11
Central America and the Caribbean,Nicaragua,Fruits,Edward Lyman,Online,M,8/30/2014,9.34E+08,9/13/2014,7973,9.33,6.92,74388.09,55173.16,19214.93,2014,8
Middle East and North Africa,Lebanon,Office Supplies,Ruth Parsons,Online,L,11/20/2013,5.73E+08,11/25/2013,9306,651.21,524.96,6060160.26,4885277.76,1174882.5,2013,11
Europe,Moldova,Meat,Alexander Hodges,Online,M,2/23/2010,6.08E+08,4/5/2010,8086,421.89,364.69,3411402.54,2948883.34,462519.2,2010,2
Middle East and North Africa,Tunisia,Snacks,Abigail Ogden,Online,H,3/20/2017,1.78E+08,4/29/2017,8225,152.58,97.44,1254970.5,801444,453526.5,2017,3
Australia and Oceania,Vanuatu,Beverages,Sebastian Marshall,Offline,M,11/8/2015,2.93E+08,11/14/2015,664,47.45,31.79,31506.8,21108.56,10398.24,2015,11
Sub-Saharan Africa,South Sudan,Beverages,Thomas Powell,Online,C,8/9/2010,6.83E+08,8/23/2010,8377,47.45,31.79,397488.65,266304.83,131183.82,2010,8
Europe,Sweden,Cereal,Sally Quinn,Online,L,11/12/2010,2.48E+08,11/30/2010,1370,205.7,117.11,281809,160440.7,121368.3,2010,11
Europe,Ireland,Meat,Sam Anderson,Offline,C,12/14/2011,2.07E+08,1/26/2012,1677,421.89,364.69,707509.53,611585.13,95924.4,2011,12
Europe,Italy,Vegetables,Anne Hill,Offline,L,1/10/2014,9.53E+08,2/25/2014,8367,154.06,90.93,1289020.02,760811.31,528208.71,2014,1
Europe,Bosnia and Herzegovina,Vegetables,Paul Skinner,Online,C,10/3/2010,6.95E+08,10/3/2010,2539,154.06,90.93,391158.34,230871.27,160287.07,2010,10
Europe,Bosnia and Herzegovina,Household,Sonia Greene,Online,H,10/15/2015,4.15E+08,11/4/2015,2321,668.27,502.54,1551054.67,1166395.34,384659.33,2015,10
Europe,Poland,Snacks,Nicola Blake,Offline,M,7/20/2013,7.14E+08,8/17/2013,7876,152.58,97.44,1201720.08,767437.44,434282.64,2013,7
Middle East and North Africa,Kuwait,Snacks,Audrey McLean,Online,H,1/19/2016,4.65E+08,2/26/2016,6396,152.58,97.44,975901.68,623226.24,352675.44,2016,1
Sub-Saharan Africa,Sudan,Cereal,Jack Stewart,Online,M,8/17/2013,8.60E+08,9/11/2013,7103,205.7,117.11,1461087.1,831832.33,629254.77,2013,8
Middle East and North Africa,Saudi Arabia,Vegetables,Joseph Brown,Online,C,8/16/2016,4.61E+08,8/20/2016,6254,154.06,90.93,963491.24,568676.22,394815.02,2016,8
Sub-Saharan Africa,Swaziland,Baby Food,Justin Vance,Offline,M,9/25/2013,1.52E+08,9/29/2013,2134,255.28,159.42,544767.52,340202.28,204565.24,2013,9
Sub-Saharan Africa,Rwanda,Meat,Stephanie Short,Offline,C,8/21/2013,8.84E+08,10/2/2013,61,421.89,364.69,25735.29,22246.09,3489.2,2013,8
Asia,Cambodia,Cosmetics,Adam Hemmings,Offline,M,12/10/2010,5.33E+08,1/23/2011,7383,437.2,263.33,3227847.6,1944165.39,1283682.21,2010,12
Sub-Saharan Africa,Central African Republic,Vegetables,Joseph Anderson,Online,C,9/4/2012,6.41E+08,10/4/2012,8480,154.06,90.93,1306428.8,771086.4,535342.4,2012,9
Asia,Maldives,Cosmetics,Sophie Roberts,Offline,M,10/15/2011,5.73E+08,11/14/2011,9764,437.2,263.33,4268820.8,2571154.12,1697666.68,2011,10
Sub-Saharan Africa,Djibouti,Household,Jason Black,Offline,C,8/26/2013,6.63E+08,9/9/2013,4676,668.27,502.54,3124830.52,2349877.04,774953.48,2013,8
Asia,Tajikistan,Beverages,Jake Davidson,Online,M,2/17/2017,8.66E+08,3/4/2017,8691,47.45,31.79,412387.95,276286.89,136101.06,2017,2
Asia,Sri Lanka,Baby Food,Emma Poole,Online,H,10/19/2010,3.07E+08,10/21/2010,4312,255.28,159.42,1100767.36,687419.04,413348.32,2010,10
Europe,Montenegro,Personal Care,Evan Ross,Online,M,7/30/2014,4.31E+08,8/10/2014,6077,81.73,56.67,496673.21,344383.59,152289.62,2014,7
Middle East and North Africa,United Arab Emirates,Personal Care,Penelope Alsop,Online,H,5/21/2015,9.54E+08,6/4/2015,5553,81.73,56.67,453846.69,314688.51,139158.18,2015,5
Central America and the Caribbean,Dominican Republic,Personal Care,Penelope Newman,Offline,C,5/5/2016,3.12E+08,6/21/2016,6338,81.73,56.67,518004.74,359174.46,158830.28,2016,5
Sub-Saharan Africa,Seychelles,Office Supplies,Sophie Piper,Offline,C,4/14/2010,6.12E+08,5/16/2010,9063,651.21,524.96,5901916.23,4757712.48,1144203.75,2010,4
Europe,Iceland,Office Supplies,Owen Burgess,Online,C,10/26/2013,8.79E+08,11/2/2013,6388,651.21,524.96,4159929.48,3353444.48,806485,2013,10
Sub-Saharan Africa,Nigeria,Vegetables,William Springer,Offline,C,7/21/2010,2.11E+08,9/9/2010,8005,154.06,90.93,1233250.3,727894.65,505355.65,2010,7
Sub-Saharan Africa,Rwanda,Fruits,Jason Howard,Online,H,6/9/2015,9.25E+08,7/25/2015,5639,9.33,6.92,52611.87,39021.88,13589.99,2015,6
Europe,Hungary,Snacks,Isaac Piper,Offline,C,6/3/2010,9.09E+08,6/27/2010,8044,152.58,97.44,1227353.52,783807.36,443546.16,2010,6
Europe,Belarus,Baby Food,William Coleman,Online,L,5/17/2016,3.70E+08,6/11/2016,6007,255.28,159.42,1533466.96,957635.94,575831.02,2016,5
Sub-Saharan Africa,South Sudan,Cosmetics,Angela Gray,Offline,H,8/3/2013,4.87E+08,8/30/2013,7344,437.2,263.33,3210796.8,1933895.52,1276901.28,2013,8
Europe,Andorra,Vegetables,Justin Abraham,Online,M,9/15/2013,2.58E+08,10/6/2013,1905,154.06,90.93,293484.3,173221.65,120262.65,2013,9
Asia,Japan,Meat,Rose Fraser,Offline,M,7/2/2010,5.52E+08,8/10/2010,6569,421.89,364.69,2771395.41,2395648.61,375746.8,2010,7
Central America and the Caribbean,El Salvador,Meat,Julian Duncan,Offline,L,12/18/2013,9.58E+08,1/10/2014,248,421.89,364.69,104628.72,90443.12,14185.6,2013,12
Sub-Saharan Africa,Kenya,Office Supplies,Olivia Randall,Offline,L,3/19/2016,2.35E+08,3/23/2016,8883,651.21,524.96,5784698.43,4663219.68,1121478.75,2016,3
Europe,Bosnia and Herzegovina,Snacks,Christopher Parr,Online,M,6/9/2010,3.63E+08,7/9/2010,449,152.58,97.44,68508.42,43750.56,24757.86,2010,6
Europe,Andorra,Personal Care,Rebecca Metcalfe,Online,M,5/21/2017,6.93E+08,6/23/2017,9950,81.73,56.67,813213.5,563866.5,249347,2017,5
Sub-Saharan Africa,Cape Verde,Cosmetics,William Brown,Online,H,6/12/2013,1.94E+08,6/19/2013,4423,437.2,263.33,1933735.6,1164708.59,769027.01,2013,6
Australia and Oceania,Nauru,Fruits,Warren Short,Online,L,2/22/2010,6.08E+08,4/5/2010,7934,9.33,6.92,74024.22,54903.28,19120.94,2010,2
Europe,Czech Republic,Cereal,Bernadette Baker,Offline,H,6/29/2012,5.95E+08,7/30/2012,6583,205.7,117.11,1354123.1,770935.13,583187.97,2012,6
Europe,Serbia,Vegetables,Phil Paige,Online,L,3/23/2015,6.86E+08,4/5/2015,3500,154.06,90.93,539210,318255,220955,2015,3
Australia and Oceania,Tuvalu,Cereal,Theresa Howard,Offline,C,2/12/2014,1.33E+08,3/23/2014,3844,205.7,117.11,790710.8,450170.84,340539.96,2014,2
Sub-Saharan Africa,Madagascar,Clothes,Jane Howard,Offline,H,5/22/2017,9.59E+08,7/5/2017,9810,109.28,35.84,1072036.8,351590.4,720446.4,2017,5
Sub-Saharan Africa,Ethiopia,Vegetables,Neil Payne,Online,C,8/6/2011,3.05E+08,9/6/2011,5620,154.06,90.93,865817.2,511026.6,354790.6,2011,8
Asia,Malaysia,Baby Food,Katherine Mills,Offline,L,11/14/2010,7.84E+08,12/24/2010,2530,255.28,159.42,645858.4,403332.6,242525.8,2010,11
Sub-Saharan Africa,Tanzania,Household,Abigail Avery,Offline,C,4/5/2015,1.28E+08,4/27/2015,3825,668.27,502.54,2556132.75,1922215.5,633917.25,2015,4
Sub-Saharan Africa,Cote d'Ivoire,Vegetables,Deirdre Marshall,Offline,M,7/8/2014,6.41E+08,7/28/2014,9823,154.06,90.93,1513331.38,893205.39,620125.99,2014,7
Australia and Oceania,Solomon Islands,Clothes,Lillian Abraham,Offline,M,8/9/2014,6.47E+08,9/16/2014,2873,109.28,35.84,313961.44,102968.32,210993.12,2014,8
Europe,Netherlands,Clothes,Leonard Mitchell,Online,H,3/13/2011,3.39E+08,3/31/2011,2354,109.28,35.84,257245.12,84367.36,172877.76,2011,3
Sub-Saharan Africa,Mali,Baby Food,Colin Greene,Offline,M,3/2/2016,4.32E+08,3/19/2016,9677,255.28,159.42,2470344.56,1542707.34,927637.22,2016,3
Middle East and North Africa,Afghanistan,Cereal,Leah Lambert,Offline,C,12/19/2015,8.09E+08,1/16/2016,3286,205.7,117.11,675930.2,384823.46,291106.74,2015,12
Europe,Moldova,Personal Care,Sebastian May,Online,C,3/28/2013,9.75E+08,4/7/2013,3653,81.73,56.67,298559.69,207015.51,91544.18,2013,3
Asia,Bhutan,Snacks,Stephen Coleman,Online,H,6/27/2015,5.06E+08,7/4/2015,8283,152.58,97.44,1263820.14,807095.52,456724.62,2015,6
Asia,Vietnam,Vegetables,Adam Mills,Offline,M,2/18/2016,3.97E+08,3/20/2016,6714,154.06,90.93,1034358.84,610504.02,423854.82,2016,2
Europe,Portugal,Vegetables,Max Johnston,Online,H,6/14/2013,8.13E+08,7/10/2013,5511,154.06,90.93,849024.66,501115.23,347909.43,2013,6
Europe,Spain,Baby Food,Andrea Poole,Online,M,5/10/2014,6.41E+08,5/14/2014,3273,255.28,159.42,835531.44,521781.66,313749.78,2014,5
Middle East and North Africa,Egypt,Meat,Stephen Mackay,Offline,C,6/17/2015,6.37E+08,7/3/2015,5632,421.89,364.69,2376084.48,2053934.08,322150.4,2015,6
Europe,Belgium,Snacks,Jason Dyer,Online,C,6/11/2014,2.77E+08,7/2/2014,246,152.58,97.44,37534.68,23970.24,13564.44,2014,6
Asia,Malaysia,Cosmetics,Dan King,Offline,H,11/3/2013,9.09E+08,11/24/2013,1810,437.2,263.33,791332,476627.3,314704.7,2013,11
Central America and the Caribbean,Dominican Republic,Cosmetics,Sonia Lawrence,Offline,C,4/2/2017,7.99E+08,5/2/2017,7047,437.2,263.33,3080948.4,1855686.51,1225261.89,2017,4
Europe,Estonia,Beverages,Angela Rees,Offline,H,5/28/2010,9.85E+08,7/17/2010,9711,47.45,31.79,460786.95,308712.69,152074.26,2010,5
Sub-Saharan Africa,Burundi,Snacks,Eric Oliver,Offline,C,5/22/2010,3.25E+08,7/7/2010,5588,152.58,97.44,852617.04,544494.72,308122.32,2010,5
Europe,Latvia,Beverages,Nicola Young,Online,M,6/2/2016,4.48E+08,6/24/2016,7497,47.45,31.79,355732.65,238329.63,117403.02,2016,6
Asia,Tajikistan,Meat,Diane Arnold,Offline,M,8/22/2013,8.01E+08,10/5/2013,285,421.89,364.69,120238.65,103936.65,16302,2013,8
Sub-Saharan Africa,Zimbabwe,Fruits,Sue James,Offline,H,10/5/2014,9.04E+08,10/23/2014,5833,9.33,6.92,54421.89,40364.36,14057.53,2014,10
Sub-Saharan Africa,Comoros,Meat,Ian Murray,Offline,L,10/31/2010,7.95E+08,11/13/2010,8052,421.89,364.69,3397058.28,2936483.88,460574.4,2010,10
Sub-Saharan Africa,Namibia,Clothes,Vanessa Bond,Online,L,11/27/2012,5.84E+08,1/1/2013,7884,109.28,35.84,861563.52,282562.56,579000.96,2012,11
Europe,Slovenia,Cereal,Brandon Arnold,Offline,H,5/22/2010,9.01E+08,5/26/2010,8302,205.7,117.11,1707721.4,972247.22,735474.18,2010,5
Europe,Bulgaria,Snacks,Tim Baker,Offline,L,8/31/2012,6.46E+08,9/29/2012,9312,152.58,97.44,1420824.96,907361.28,513463.68,2012,8
Sub-Saharan Africa,Guinea-Bissau,Cereal,David Wilkins,Online,L,1/23/2015,1.39E+08,2/22/2015,2950,205.7,117.11,606815,345474.5,261340.5,2015,1
Sub-Saharan Africa,Lesotho,Beverages,Joanne Clarkson,Offline,L,3/2/2010,6.71E+08,3/21/2010,8282,47.45,31.79,392980.9,263284.78,129696.12,2010,3
Asia,Sri Lanka,Cosmetics,Diane Bond,Offline,L,5/9/2014,4.52E+08,5/27/2014,6409,437.2,263.33,2802014.8,1687681.97,1114332.83,2014,5
Australia and Oceania,East Timor,Snacks,Faith Cameron,Online,H,12/28/2010,4.65E+08,2/5/2011,5459,152.58,97.44,832934.22,531924.96,301009.26,2010,12
Europe,Belarus,Household,Samantha Clark,Online,M,10/19/2014,4.10E+08,10/24/2014,5594,668.27,502.54,3738302.38,2811208.76,927093.62,2014,10
Sub-Saharan Africa,Benin,Meat,Irene May,Offline,H,1/21/2015,9.60E+08,2/22/2015,4006,421.89,364.69,1690091.34,1460948.14,229143.2,2015,1
Europe,Ireland,Beverages,Madeleine Ross,Offline,L,4/4/2017,6.07E+08,5/18/2017,9919,47.45,31.79,470656.55,315325.01,155331.54,2017,4
Middle East and North Africa,Iran,Meat,Caroline Bond,Offline,H,8/5/2016,6.14E+08,8/11/2016,9587,421.89,364.69,4044659.43,3496283.03,548376.4,2016,8
Sub-Saharan Africa,Benin,Household,Audrey Dyer,Offline,C,11/26/2016,9.62E+08,1/12/2017,1297,668.27,502.54,866746.19,651794.38,214951.81,2016,11
Sub-Saharan Africa,South Sudan,Beverages,Rachel Davidson,Online,L,9/23/2011,8.06E+08,10/24/2011,366,47.45,31.79,17366.7,11635.14,5731.56,2011,9
Sub-Saharan Africa,Comoros,Personal Care,Wanda Roberts,Online,L,10/24/2010,7.19E+08,12/3/2010,4144,81.73,56.67,338689.12,234840.48,103848.64,2010,10
Europe,Poland,Baby Food,Lisa Peters,Online,H,8/14/2013,4.45E+08,9/22/2013,7008,255.28,159.42,1789002.24,1117215.36,671786.88,2013,8
Europe,Bosnia and Herzegovina,Cosmetics,Matt Hudson,Offline,C,2/4/2013,2.48E+08,2/15/2013,5372,437.2,263.33,2348638.4,1414608.76,934029.64,2013,2
Sub-Saharan Africa,Namibia,Vegetables,Deirdre Edmunds,Offline,C,8/11/2014,4.62E+08,9/4/2014,2677,154.06,90.93,412418.62,243419.61,168999.01,2014,8
Europe,Spain,Office Supplies,Neil Reid,Offline,C,1/12/2017,1.42E+08,1/24/2017,4396,651.21,524.96,2862719.16,2307724.16,554995,2017,1
Middle East and North Africa,Iran,Meat,Carolyn McLean,Online,C,7/3/2016,2.13E+08,8/17/2016,3036,421.89,364.69,1280858.04,1107198.84,173659.2,2016,7
Central America and the Caribbean,Guatemala,Office Supplies,Eric Grant,Offline,C,3/27/2010,3.20E+08,4/2/2010,3131,651.21,524.96,2038938.51,1643649.76,395288.75,2010,3
Australia and Oceania,East Timor,Beverages,Joseph Hardacre,Online,C,6/5/2015,1.80E+08,6/25/2015,6249,47.45,31.79,296515.05,198655.71,97859.34,2015,6
Middle East and North Africa,Bahrain,Household,Leah Avery,Online,H,6/27/2012,9.28E+08,7/17/2012,5990,668.27,502.54,4002937.3,3010214.6,992722.7,2012,6
Sub-Saharan Africa,Ethiopia,Office Supplies,Ava Hodges,Online,L,12/19/2016,1.70E+08,1/20/2017,2982,651.21,524.96,1941908.22,1565430.72,376477.5,2016,12
Australia and Oceania,Solomon Islands,Personal Care,Virginia Hemmings,Offline,M,3/9/2015,5.33E+08,4/20/2015,9886,81.73,56.67,807982.78,560239.62,247743.16,2015,3
Central America and the Caribbean,Belize,Snacks,Bella Wright,Online,C,6/18/2013,2.14E+08,7/13/2013,6397,152.58,97.44,976054.26,623323.68,352730.58,2013,6
Asia,Sri Lanka,Office Supplies,Ruth Taylor,Online,C,8/12/2011,6.30E+08,9/3/2011,4236,651.21,524.96,2758525.56,2223730.56,534795,2011,8
Central America and the Caribbean,Costa Rica,Clothes,Stephanie Burgess,Offline,H,4/17/2014,5.69E+08,4/24/2014,2158,109.28,35.84,235826.24,77342.72,158483.52,2014,4
Sub-Saharan Africa,Nigeria,Baby Food,Faith Sanderson,Online,L,2/3/2012,2.38E+08,2/27/2012,951,255.28,159.42,242771.28,151608.42,91162.86,2012,2
Middle East and North Africa,Iran,Office Supplies,Sebastian Roberts,Online,L,8/1/2015,8.17E+08,9/19/2015,8431,651.21,524.96,5490351.51,4425937.76,1064413.75,2015,8
Sub-Saharan Africa,Djibouti,Baby Food,Andrea Burgess,Online,C,9/11/2013,4.02E+08,10/5/2013,4447,255.28,159.42,1135230.16,708940.74,426289.42,2013,9
Asia,South Korea,Snacks,Una Murray,Online,L,5/8/2015,7.64E+08,6/7/2015,5879,152.58,97.44,897017.82,572849.76,324168.06,2015,5
Central America and the Caribbean,Dominica,Snacks,Edward Hamilton,Offline,L,5/22/2015,5.90E+08,6/1/2015,1637,152.58,97.44,249773.46,159509.28,90264.18,2015,5
Asia,Vietnam,Snacks,Cameron Parr,Online,L,7/3/2013,4.41E+08,8/19/2013,7665,152.58,97.44,1169525.7,746877.6,422648.1,2013,7
Europe,Norway,Personal Care,Zoe Walsh,Offline,H,6/16/2010,4.97E+08,7/21/2010,1936,81.73,56.67,158229.28,109713.12,48516.16,2010,6
Central America and the Caribbean,Haiti,Beverages,Thomas Nash,Online,C,11/8/2011,1.07E+08,11/14/2011,9455,47.45,31.79,448639.75,300574.45,148065.3,2011,11
Central America and the Caribbean,Jamaica,Fruits,Adam Peters,Offline,L,10/17/2016,9.41E+08,10/27/2016,7258,9.33,6.92,67717.14,50225.36,17491.78,2016,10
Sub-Saharan Africa,Sudan,Vegetables,Steven Dowd,Offline,M,2/2/2014,2.41E+08,3/3/2014,9412,154.06,90.93,1450012.72,855833.16,594179.56,2014,2
Sub-Saharan Africa,Angola,Meat,Kevin Hill,Offline,L,4/30/2016,2.68E+08,5/12/2016,2016,421.89,364.69,850530.24,735215.04,115315.2,2016,4
Central America and the Caribbean,Panama,Cosmetics,Donna Lawrence,Offline,M,8/31/2010,6.52E+08,10/16/2010,8200,437.2,263.33,3585040,2159306,1425734,2010,8
Europe,Greece,Personal Care,Richard Ellison,Online,M,8/8/2015,6.45E+08,9/7/2015,3124,81.73,56.67,255324.52,177037.08,78287.44,2015,8
Sub-Saharan Africa,Madagascar,Cereal,Keith Parr,Offline,H,8/18/2016,4.69E+08,8/19/2016,8983,205.7,117.11,1847803.1,1051999.13,795803.97,2016,8
Sub-Saharan Africa,Guinea-Bissau,Clothes,Madeleine Harris,Online,L,6/18/2015,8.67E+08,7/1/2015,9998,109.28,35.84,1092581.44,358328.32,734253.12,2015,6
North America,Greenland,Clothes,Andrew Hamilton,Online,L,1/28/2011,8.51E+08,2/1/2011,7425,109.28,35.84,811404,266112,545292,2011,1
Middle East and North Africa,Libya,Beverages,Heather Rampling,Offline,H,2/4/2011,8.54E+08,3/4/2011,4550,47.45,31.79,215897.5,144644.5,71253,2011,2
Europe,Belarus,Vegetables,Dorothy Ogden,Offline,C,11/3/2012,4.79E+08,11/27/2012,1691,154.06,90.93,260515.46,153762.63,106752.83,2012,11
Middle East and North Africa,Lebanon,Clothes,Rachel McGrath,Offline,H,9/18/2014,7.49E+08,11/5/2014,1196,109.28,35.84,130698.88,42864.64,87834.24,2014,9
Sub-Saharan Africa,Djibouti,Baby Food,Nicholas Clark,Offline,H,5/17/2012,9.59E+08,6/28/2012,2444,255.28,159.42,623904.32,389622.48,234281.84,2012,5
Central America and the Caribbean,Barbados,Personal Care,Elizabeth Dickens,Online,C,2/20/2010,9.22E+08,3/4/2010,6848,81.73,56.67,559687.04,388076.16,171610.88,2010,2
Sub-Saharan Africa,Guinea-Bissau,Vegetables,Phil Henderson,Online,L,2/28/2017,5.23E+08,3/2/2017,2849,154.06,90.93,438916.94,259059.57,179857.37,2017,2
Europe,Finland,Personal Care,Jack Simpson,Offline,C,5/17/2013,1.66E+08,6/7/2013,921,81.73,56.67,75273.33,52193.07,23080.26,2013,5
Central America and the Caribbean,Haiti,Baby Food,Diana Carr,Offline,L,11/9/2013,3.28E+08,11/23/2013,8569,255.28,159.42,2187494.32,1366069.98,821424.34,2013,11
Sub-Saharan Africa,Niger,Clothes,Diane Powell,Offline,M,1/10/2012,2.02E+08,2/19/2012,5330,109.28,35.84,582462.4,191027.2,391435.2,2012,1
Central America and the Caribbean,Trinidad and Tobago,Fruits,Robert Churchill,Offline,L,9/24/2013,8.55E+08,11/9/2013,7769,9.33,6.92,72484.77,53761.48,18723.29,2013,9
Central America and the Caribbean,Grenada,Personal Care,Boris Simpson,Online,M,9/26/2010,2.72E+08,11/8/2010,4487,81.73,56.67,366722.51,254278.29,112444.22,2010,9
Central America and the Caribbean,Dominican Republic,Cereal,Dylan Manning,Offline,H,10/21/2014,1.10E+08,11/20/2014,1113,205.7,117.11,228944.1,130343.43,98600.67,2014,10
Europe,Monaco,Household,Abigail Anderson,Offline,C,1/17/2016,7.46E+08,2/5/2016,5308,668.27,502.54,3547177.16,2667482.32,879694.84,2016,1
Europe,Estonia,Vegetables,Una Berry,Online,L,12/27/2016,8.27E+08,1/7/2017,1764,154.06,90.93,271761.84,160400.52,111361.32,2016,12
Europe,Italy,Beverages,Leah Manning,Offline,H,8/30/2013,4.19E+08,9/19/2013,7206,47.45,31.79,341924.7,229078.74,112845.96,2013,8
Asia,Malaysia,Office Supplies,Dylan Roberts,Online,C,7/7/2014,5.61E+08,8/24/2014,5387,651.21,524.96,3508068.27,2827959.52,680108.75,2014,7
Sub-Saharan Africa,Ghana,Office Supplies,Ryan Hughes,Offline,L,11/29/2013,1.09E+08,12/7/2013,2095,651.21,524.96,1364284.95,1099791.2,264493.75,2013,11
Middle East and North Africa,Pakistan,Clothes,Victor Wright,Offline,C,1/29/2011,6.93E+08,2/5/2011,146,109.28,35.84,15954.88,5232.64,10722.24,2011,1
Asia,Sri Lanka,Snacks,Megan Vance,Offline,L,11/13/2013,8.61E+08,11/23/2013,4390,152.58,97.44,669826.2,427761.6,242064.6,2013,11
Europe,Romania,Fruits,Piers Sutherland,Offline,C,4/9/2012,1.31E+08,5/3/2012,6705,9.33,6.92,62557.65,46398.6,16159.05,2012,4
Middle East and North Africa,Qatar,Office Supplies,Piers Jackson,Online,H,6/28/2012,3.43E+08,7/13/2012,1004,651.21,524.96,653814.84,527059.84,126755,2012,6
Sub-Saharan Africa,Cote d'Ivoire,Clothes,Molly Hughes,Online,H,6/8/2010,7.06E+08,7/19/2010,8228,109.28,35.84,899155.84,294891.52,604264.32,2010,6
Middle East and North Africa,Egypt,Office Supplies,Theresa Hemmings,Online,M,8/23/2010,9.50E+08,9/14/2010,1352,651.21,524.96,880435.92,709745.92,170690,2010,8
Middle East and North Africa,Iran,Snacks,Edward Hardacre,Offline,H,12/11/2014,8.75E+08,12/28/2014,379,152.58,97.44,57827.82,36929.76,20898.06,2014,12
Middle East and North Africa,Somalia,Clothes,Michelle Young,Online,C,1/27/2011,8.02E+08,3/15/2011,7347,109.28,35.84,802880.16,263316.48,539563.68,2011,1
Middle East and North Africa,Syria,Personal Care,Lily Allan,Offline,C,5/7/2014,2.20E+08,5/28/2014,1322,81.73,56.67,108047.06,74917.74,33129.32,2014,5
Australia and Oceania,Solomon Islands,Cereal,Colin Payne,Offline,C,11/8/2010,9.41E+08,11/21/2010,3404,205.7,117.11,700202.8,398642.44,301560.36,2010,11
Central America and the Caribbean,Guatemala,Fruits,Neil Ferguson,Online,M,3/30/2014,3.46E+08,5/4/2014,1721,9.33,6.92,16056.93,11909.32,4147.61,2014,3
Middle East and North Africa,Kuwait,Clothes,Madeleine Parsons,Offline,C,7/9/2016,8.37E+08,7/20/2016,6436,109.28,35.84,703326.08,230666.24,472659.84,2016,7
Middle East and North Africa,Jordan,Meat,Rebecca Mackay,Online,L,7/15/2014,3.86E+08,7/19/2014,4741,421.89,364.69,2000180.49,1728995.29,271185.2,2014,7
Australia and Oceania,Marshall Islands,Beverages,Hannah Cornish,Offline,H,10/14/2013,1.85E+08,11/24/2013,5859,47.45,31.79,278009.55,186257.61,91751.94,2013,10
Middle East and North Africa,Egypt,Snacks,Leonard McGrath,Offline,C,1/13/2017,5.97E+08,2/18/2017,6045,152.58,97.44,922346.1,589024.8,333321.3,2017,1
Europe,Switzerland,Meat,Max Sharp,Online,C,12/22/2012,7.04E+08,1/7/2013,3585,421.89,364.69,1512475.65,1307413.65,205062,2012,12
Australia and Oceania,Samoa,Personal Care,Mary Hemmings,Online,C,4/16/2010,5.59E+08,6/4/2010,3797,81.73,56.67,310328.81,215175.99,95152.82,2010,4
Europe,Portugal,Cosmetics,Joanne North,Offline,C,2/27/2011,7.37E+08,3/12/2011,4029,437.2,263.33,1761478.8,1060956.57,700522.23,2011,2
Europe,Albania,Clothes,Diane Duncan,Offline,C,1/14/2015,9.80E+08,2/9/2015,8661,109.28,35.84,946474.08,310410.24,636063.84,2015,1
Central America and the Caribbean,Dominica,Vegetables,Dorothy Marshall,Offline,C,11/16/2014,6.54E+08,12/6/2014,4105,154.06,90.93,632416.3,373267.65,259148.65,2014,11
Australia and Oceania,Tuvalu,Cosmetics,Nicholas Short,Online,H,1/17/2016,9.92E+08,1/29/2016,3803,437.2,263.33,1662671.6,1001443.99,661227.61,2016,1
Australia and Oceania,Marshall Islands,Cereal,Kylie Marshall,Online,L,5/29/2017,1.49E+08,7/6/2017,3227,205.7,117.11,663793.9,377913.97,285879.93,2017,5
Europe,Bulgaria,Fruits,David Nash,Online,H,2/10/2015,8.50E+08,2/25/2015,4884,9.33,6.92,45567.72,33797.28,11770.44,2015,2
Sub-Saharan Africa,Niger,Office Supplies,Joseph Hamilton,Offline,M,12/8/2013,9.41E+08,1/7/2014,3309,651.21,524.96,2154853.89,1737092.64,417761.25,2013,12
Central America and the Caribbean,Saint Vincent and the Grenadines,Office Supplies,William Greene,Offline,H,12/10/2015,1.37E+08,12/13/2015,70,651.21,524.96,45584.7,36747.2,8837.5,2015,12
Sub-Saharan Africa,Malawi,Beverages,William Glover,Offline,L,9/4/2016,4.74E+08,9/26/2016,8766,47.45,31.79,415946.7,278671.14,137275.56,2016,9
Sub-Saharan Africa,Cape Verde,Personal Care,Victoria Forsyth,Offline,L,7/19/2016,4.59E+08,7/29/2016,25,81.73,56.67,2043.25,1416.75,626.5,2016,7
Central America and the Caribbean,Saint Vincent and the Grenadines,Beverages,Emily Rampling,Offline,C,1/9/2017,9.18E+08,1/13/2017,6510,47.45,31.79,308899.5,206952.9,101946.6,2017,1
Europe,Greece,Personal Care,Jessica Wallace,Offline,H,11/5/2016,9.48E+08,12/5/2016,7913,81.73,56.67,646729.49,448429.71,198299.78,2016,11
Europe,Monaco,Clothes,Grace Roberts,Online,L,10/31/2015,1.66E+08,11/26/2015,5957,109.28,35.84,650980.96,213498.88,437482.08,2015,10
Sub-Saharan Africa,Nigeria,Beverages,Michelle Murray,Online,L,1/25/2011,9.60E+08,2/13/2011,9397,47.45,31.79,445887.65,298730.63,147157.02,2011,1
Europe,Norway,Cosmetics,Sonia Gray,Offline,C,11/8/2015,8.38E+08,11/8/2015,9020,437.2,263.33,3943544,2375236.6,1568307.4,2015,11
North America,Greenland,Snacks,Colin Smith,Offline,L,6/24/2010,9.77E+08,8/12/2010,2643,152.58,97.44,403268.94,257533.92,145735.02,2010,6
Middle East and North Africa,Tunisia,Beverages,Jessica Lyman,Online,L,2/27/2014,3.78E+08,3/3/2014,114,47.45,31.79,5409.3,3624.06,1785.24,2014,2
Asia,Uzbekistan,Meat,William Slater,Offline,H,2/5/2013,8.07E+08,3/27/2013,8313,421.89,364.69,3507171.57,3031667.97,475503.6,2013,2
Central America and the Caribbean,Saint Kitts and Nevis,Vegetables,Adrian Mills,Online,H,4/15/2017,9.54E+08,5/11/2017,6152,154.06,90.93,947777.12,559401.36,388375.76,2017,4
Central America and the Caribbean,Belize,Meat,Edward MacDonald,Online,L,4/9/2011,4.79E+08,4/26/2011,9572,421.89,364.69,4038331.08,3490812.68,547518.4,2011,4
Sub-Saharan Africa,Angola,Personal Care,Edward Sanderson,Online,H,12/13/2010,4.62E+08,12/30/2010,6548,81.73,56.67,535168.04,371075.16,164092.88,2010,12
Asia,Bhutan,Meat,Owen Vance,Online,C,5/13/2014,2.52E+08,5/22/2014,2085,421.89,364.69,879640.65,760378.65,119262,2014,5
Central America and the Caribbean,Honduras,Personal Care,Dylan Peake,Offline,L,1/16/2013,6.20E+08,2/25/2013,3217,81.73,56.67,262925.41,182307.39,80618.02,2013,1
Sub-Saharan Africa,South Sudan,Household,Kylie Vaughan,Offline,H,12/9/2010,6.06E+08,1/23/2011,4014,668.27,502.54,2682435.78,2017195.56,665240.22,2010,12
Asia,Kyrgyzstan,Baby Food,Penelope Rampling,Online,L,1/24/2013,6.72E+08,2/14/2013,573,255.28,159.42,146275.44,91347.66,54927.78,2013,1
Sub-Saharan Africa,Sao Tome and Principe,Cosmetics,Alison Walker,Offline,M,2/25/2014,4.49E+08,3/3/2014,6025,437.2,263.33,2634130,1586563.25,1047566.75,2014,2
Sub-Saharan Africa,Madagascar,Fruits,Julian Underwood,Online,M,7/23/2017,9.88E+08,9/11/2017,5530,9.33,6.92,51594.9,38267.6,13327.3,2017,7
Sub-Saharan Africa,Senegal,Household,Carolyn Edmunds,Online,H,5/7/2016,7.11E+08,6/14/2016,1280,668.27,502.54,855385.6,643251.2,212134.4,2016,5
Sub-Saharan Africa,Sierra Leone,Office Supplies,Anna Grant,Online,C,3/24/2012,3.61E+08,4/18/2012,7501,651.21,524.96,4884726.21,3937724.96,947001.25,2012,3
Asia,Malaysia,Household,Anna Bower,Offline,H,10/3/2011,7.50E+08,11/21/2011,5446,668.27,502.54,3639398.42,2736832.84,902565.58,2011,10
Central America and the Caribbean,Cuba,Office Supplies,Isaac Grant,Online,C,12/22/2014,5.11E+08,1/2/2015,8401,651.21,524.96,5470815.21,4410188.96,1060626.25,2014,12
Sub-Saharan Africa,Zimbabwe,Personal Care,Kylie Dyer,Offline,L,8/23/2011,1.48E+08,8/28/2011,6684,81.73,56.67,546283.32,378782.28,167501.04,2011,8
Europe,Serbia,Beverages,Sophie Berry,Online,H,4/18/2015,6.82E+08,5/23/2015,2644,47.45,31.79,125457.8,84052.76,41405.04,2015,4
Asia,Maldives,Vegetables,Emma May,Offline,M,1/11/2014,5.10E+08,2/23/2014,5660,154.06,90.93,871979.6,514663.8,357315.8,2014,1
Europe,Ireland,Office Supplies,Christian White,Offline,M,2/27/2012,3.44E+08,4/2/2012,7144,651.21,524.96,4652244.24,3750314.24,901930,2012,2
Europe,Romania,Clothes,Diana Parr,Offline,L,4/4/2011,9.69E+08,4/8/2011,5537,109.28,35.84,605083.36,198446.08,406637.28,2011,4
Europe,Croatia,Beverages,Colin Hart,Online,M,12/26/2013,9.89E+08,1/6/2014,1315,47.45,31.79,62396.75,41803.85,20592.9,2013,12
Europe,Albania,Vegetables,Vanessa Robertson,Offline,M,9/12/2012,8.80E+08,10/31/2012,1980,154.06,90.93,305038.8,180041.4,124997.4,2012,9
Central America and the Caribbean,Dominican Republic,Vegetables,Lillian Roberts,Offline,L,12/19/2015,7.38E+08,1/15/2016,7071,154.06,90.93,1089358.26,642966.03,446392.23,2015,12
Sub-Saharan Africa,Zimbabwe,Vegetables,Eric Coleman,Online,M,6/26/2014,7.27E+08,8/9/2014,3153,154.06,90.93,485751.18,286702.29,199048.89,2014,6
Sub-Saharan Africa,Ghana,Office Supplies,Benjamin Nolan,Offline,L,3/2/2015,6.34E+08,3/11/2015,8826,651.21,524.96,5747579.46,4633296.96,1114282.5,2015,3
Asia,Laos,Beverages,Sebastian Taylor,Online,H,8/17/2014,3.15E+08,9/8/2014,9719,47.45,31.79,461166.55,308967.01,152199.54,2014,8
Central America and the Caribbean,Panama,Personal Care,Amelia Smith,Offline,M,7/19/2010,1.47E+08,9/3/2010,3494,81.73,56.67,285564.62,198004.98,87559.64,2010,7
Sub-Saharan Africa,Angola,Household,Emily Lee,Online,L,1/14/2013,5.76E+08,2/13/2013,4843,668.27,502.54,3236431.61,2433801.22,802630.39,2013,1
Middle East and North Africa,Syria,Snacks,Alexander Mackenzie,Offline,L,7/19/2010,7.71E+08,8/26/2010,490,152.58,97.44,74764.2,47745.6,27018.6,2010,7
Sub-Saharan Africa,Sierra Leone,Cosmetics,Samantha Brown,Offline,H,7/11/2011,8.67E+08,8/3/2011,4189,437.2,263.33,1831430.8,1103089.37,728341.43,2011,7
Sub-Saharan Africa,Uganda,Fruits,Maria Sharp,Online,L,5/4/2010,6.24E+08,6/23/2010,1727,9.33,6.92,16112.91,11950.84,4162.07,2010,5
Asia,Taiwan,Clothes,Jason Ross,Offline,M,10/13/2013,7.70E+08,11/3/2013,5921,109.28,35.84,647046.88,212208.64,434838.24,2013,10
Middle East and North Africa,Azerbaijan,Vegetables,Carl Young,Online,C,7/27/2014,7.52E+08,8/1/2014,1619,154.06,90.93,249423.14,147215.67,102207.47,2014,7
Asia,Maldives,Office Supplies,Anthony Paige,Online,H,4/4/2010,9.90E+08,4/11/2010,702,651.21,524.96,457149.42,368521.92,88627.5,2010,4
Sub-Saharan Africa,Mauritania,Meat,Jack Dowd,Offline,H,8/17/2014,6.23E+08,10/1/2014,7081,421.89,364.69,2987403.09,2582369.89,405033.2,2014,8
Sub-Saharan Africa,Burundi,Baby Food,Dorothy Buckland,Online,H,1/4/2016,6.60E+08,1/29/2016,1698,255.28,159.42,433465.44,270695.16,162770.28,2016,1
Sub-Saharan Africa,Zambia,Baby Food,Harry Clarkson,Offline,H,5/17/2011,8.31E+08,6/5/2011,7526,255.28,159.42,1921237.28,1199794.92,721442.36,2011,5
Asia,Singapore,Beverages,Owen Clarkson,Offline,L,2/12/2010,9.36E+08,3/17/2010,4571,47.45,31.79,216893.95,145312.09,71581.86,2010,2
Sub-Saharan Africa,Ghana,Household,Christian Wilson,Online,L,2/17/2015,3.96E+08,3/30/2015,4869,668.27,502.54,3253806.63,2446867.26,806939.37,2015,2
Sub-Saharan Africa,Guinea,Meat,Rachel Thomson,Offline,M,6/7/2011,5.00E+08,6/7/2011,7487,421.89,364.69,3158690.43,2730434.03,428256.4,2011,6
Sub-Saharan Africa,Zambia,Fruits,Dominic Ferguson,Online,L,5/26/2015,3.61E+08,7/2/2015,3524,9.33,6.92,32878.92,24386.08,8492.84,2015,5
Europe,Georgia,Snacks,Lillian Henderson,Online,C,5/24/2010,9.59E+08,6/2/2010,1109,152.58,97.44,169211.22,108060.96,61150.26,2010,5
Middle East and North Africa,Bahrain,Baby Food,Tim Peters,Online,M,2/21/2011,1.96E+08,4/7/2011,404,255.28,159.42,103133.12,64405.68,38727.44,2011,2
Sub-Saharan Africa,Lesotho,Personal Care,Jasmine Langdon,Offline,M,6/28/2014,5.44E+08,7/2/2014,8601,81.73,56.67,702959.73,487418.67,215541.06,2014,6
Central America and the Caribbean,Barbados,Cosmetics,Colin Scott,Offline,H,10/15/2010,4.95E+08,10/30/2010,4924,437.2,263.33,2152772.8,1296636.92,856135.88,2010,10
Middle East and North Africa,Saudi Arabia,Vegetables,Abigail Baker,Online,H,5/18/2010,4.11E+08,6/30/2010,5628,154.06,90.93,867049.68,511754.04,355295.64,2010,5
Europe,Macedonia,Personal Care,Leonard White,Offline,H,2/2/2017,2.77E+08,2/16/2017,8998,81.73,56.67,735406.54,509916.66,225489.88,2017,2
Asia,Turkmenistan,Office Supplies,Julian May,Offline,M,11/24/2016,1.44E+08,1/8/2017,352,651.21,524.96,229225.92,184785.92,44440,2016,11
Europe,Albania,Baby Food,Rose Jones,Online,L,12/23/2011,5.86E+08,1/6/2012,7040,255.28,159.42,1797171.2,1122316.8,674854.4,2011,12
Middle East and North Africa,Afghanistan,Clothes,Hannah King,Online,C,12/5/2016,4.47E+08,1/16/2017,3440,109.28,35.84,375923.2,123289.6,252633.6,2016,12
Australia and Oceania,Kiribati,Clothes,Adrian Bailey,Offline,M,2/16/2017,8.91E+08,2/22/2017,5963,109.28,35.84,651636.64,213713.92,437922.72,2017,2
Middle East and North Africa,Morocco,Cosmetics,Ella Edmunds,Online,C,5/18/2010,4.53E+08,6/16/2010,8053,437.2,263.33,3520771.6,2120596.49,1400175.11,2010,5
Europe,Norway,Baby Food,Connor Hudson,Offline,L,9/7/2010,8.87E+08,10/18/2010,5183,255.28,159.42,1323116.24,826273.86,496842.38,2010,9
Europe,Sweden,Cosmetics,Lucas McLean,Online,L,3/12/2014,4.19E+08,3/25/2014,9858,437.2,263.33,4309917.6,2595907.14,1714010.46,2014,3
Asia,Tajikistan,Personal Care,Christopher Short,Online,M,7/16/2010,4.93E+08,8/16/2010,6613,81.73,56.67,540480.49,374758.71,165721.78,2010,7
Europe,Netherlands,Cosmetics,Oliver Welch,Online,M,12/5/2016,8.25E+08,12/20/2016,7017,437.2,263.33,3067832.4,1847786.61,1220045.79,2016,12
Europe,Spain,Vegetables,Julia Reid,Online,L,10/8/2013,7.52E+08,10/10/2013,4667,154.06,90.93,718998.02,424370.31,294627.71,2013,10
Sub-Saharan Africa,Chad,Baby Food,Tracey Wilkins,Offline,H,8/9/2016,5.79E+08,8/26/2016,194,255.28,159.42,49524.32,30927.48,18596.84,2016,8
Europe,Ireland,Meat,Sarah Young,Online,C,10/6/2011,2.34E+08,11/20/2011,6259,421.89,364.69,2640609.51,2282594.71,358014.8,2011,10
Middle East and North Africa,Pakistan,Meat,Kylie Wright,Online,C,2/17/2013,6.13E+08,3/1/2013,2554,421.89,364.69,1077507.06,931418.26,146088.8,2013,2
Sub-Saharan Africa,Mozambique,Fruits,Christopher Robertson,Online,C,12/14/2012,4.33E+08,12/21/2012,804,9.33,6.92,7501.32,5563.68,1937.64,2012,12
Middle East and North Africa,Bahrain,Fruits,Phil Sharp,Online,L,11/20/2015,2.82E+08,11/28/2015,9762,9.33,6.92,91079.46,67553.04,23526.42,2015,11
Asia,Tajikistan,Meat,Tracey Kerr,Online,M,7/7/2012,3.69E+08,7/12/2012,214,421.89,364.69,90284.46,78043.66,12240.8,2012,7
Australia and Oceania,New Zealand,Meat,Emily Wallace,Offline,H,6/2/2013,9.70E+08,6/28/2013,9980,421.89,364.69,4210462.2,3639606.2,570856,2013,6
Sub-Saharan Africa,Niger,Baby Food,Angela Edmunds,Online,L,2/4/2015,1.84E+08,2/17/2015,8906,255.28,159.42,2273523.68,1419794.52,853729.16,2015,2
Europe,Armenia,Fruits,Joan Wright,Online,C,4/28/2011,6.81E+08,6/14/2011,3872,9.33,6.92,36125.76,26794.24,9331.52,2011,4
Sub-Saharan Africa,Gabon,Baby Food,Sally Underwood,Online,L,2/1/2012,2.49E+08,2/21/2012,3791,255.28,159.42,967766.48,604361.22,363405.26,2012,2
Asia,Kyrgyzstan,Vegetables,Sarah Peake,Offline,H,1/29/2017,3.48E+08,2/13/2017,4604,154.06,90.93,709292.24,418641.72,290650.52,2017,1
Australia and Oceania,Fiji,Clothes,Lauren Howard,Offline,L,12/1/2011,2.58E+08,12/29/2011,4285,109.28,35.84,468264.8,153574.4,314690.4,2011,12
Europe,Romania,Cosmetics,Isaac Parr,Online,H,5/8/2017,2.28E+08,6/17/2017,7839,437.2,263.33,3427210.8,2064243.87,1362966.93,2017,5
Sub-Saharan Africa,Botswana,Cereal,Kimberly Abraham,Online,C,5/3/2017,1.29E+08,6/21/2017,2302,205.7,117.11,473521.4,269587.22,203934.18,2017,5
Australia and Oceania,Fiji,Cosmetics,Stephanie Lewis,Online,M,10/31/2015,8.02E+08,12/9/2015,1741,437.2,263.33,761165.2,458457.53,302707.67,2015,10
Europe,Vatican City,Clothes,Liam Wallace,Offline,C,4/11/2010,9.08E+08,4/19/2010,2256,109.28,35.84,246535.68,80855.04,165680.64,2010,4
Asia,Thailand,Vegetables,Wanda Bailey,Online,L,7/17/2010,9.77E+08,8/31/2010,6975,154.06,90.93,1074568.5,634236.75,440331.75,2010,7
Europe,Belarus,Cereal,Carol Ellison,Offline,C,5/31/2012,2.62E+08,7/17/2012,1060,205.7,117.11,218042,124136.6,93905.4,2012,5
Australia and Oceania,Solomon Islands,Vegetables,Alexander Edmunds,Offline,L,7/15/2016,7.84E+08,7/17/2016,6703,154.06,90.93,1032664.18,609503.79,423160.39,2016,7
Asia,China,Cosmetics,Stephanie Lambert,Offline,M,1/14/2017,5.86E+08,1/27/2017,8128,437.2,263.33,3553561.6,2140346.24,1413215.36,2017,1
Sub-Saharan Africa,Angola,Snacks,Liam Forsyth,Online,C,11/26/2012,4.80E+08,12/16/2012,6591,152.58,97.44,1005654.78,642227.04,363427.74,2012,11
Asia,Cambodia,Cereal,Kylie May,Online,L,10/3/2011,9.00E+08,10/26/2011,5376,205.7,117.11,1105843.2,629583.36,476259.84,2011,10
Central America and the Caribbean,Guatemala,Baby Food,Amanda Dickens,Offline,L,11/30/2010,5.48E+08,12/15/2010,4802,255.28,159.42,1225854.56,765534.84,460319.72,2010,11
Sub-Saharan Africa,Namibia,Vegetables,Adam Reid,Online,L,5/8/2016,4.47E+08,5/9/2016,7217,154.06,90.93,1111851.02,656241.81,455609.21,2016,5
Europe,Serbia,Beverages,Brandon Peake,Offline,H,2/27/2016,7.92E+08,3/20/2016,2001,47.45,31.79,94947.45,63611.79,31335.66,2016,2
Middle East and North Africa,Turkey,Vegetables,Harry White,Offline,M,8/24/2014,4.97E+08,9/29/2014,564,154.06,90.93,86889.84,51284.52,35605.32,2014,8
Middle East and North Africa,Pakistan,Vegetables,Trevor Short,Offline,C,5/26/2013,3.45E+08,6/30/2013,1351,154.06,90.93,208135.06,122846.43,85288.63,2013,5
Europe,Georgia,Vegetables,Faith Scott,Offline,H,1/26/2015,7.43E+08,2/23/2015,4833,154.06,90.93,744571.98,439464.69,305107.29,2015,1
Australia and Oceania,Vanuatu,Snacks,Claire Langdon,Offline,L,1/7/2012,3.65E+08,1/18/2012,8516,152.58,97.44,1299371.28,829799.04,469572.24,2012,1
Europe,Luxembourg,Cosmetics,Felicity Lambert,Online,H,10/21/2012,2.05E+08,12/3/2012,1937,437.2,263.33,846856.4,510070.21,336786.19,2012,10
Middle East and North Africa,Saudi Arabia,Household,Amy Slater,Online,M,9/16/2015,4.31E+08,10/5/2015,1661,668.27,502.54,1109996.47,834718.94,275277.53,2015,9
Australia and Oceania,Vanuatu,Meat,Maria Rampling,Offline,H,6/28/2012,8.28E+08,7/1/2012,6289,421.89,364.69,2653266.21,2293535.41,359730.8,2012,6
Central America and the Caribbean,Haiti,Snacks,Christopher Bell,Offline,H,12/2/2014,3.51E+08,1/14/2015,1450,152.58,97.44,221241,141288,79953,2014,12
Sub-Saharan Africa,Tanzania,Household,Nathan Davidson,Offline,C,2/4/2013,2.79E+08,2/4/2013,4805,668.27,502.54,3211037.35,2414704.7,796332.65,2013,2
Asia,North Korea,Cosmetics,Mary Newman,Offline,C,2/17/2017,1.57E+08,3/15/2017,1047,437.2,263.33,457748.4,275706.51,182041.89,2017,2
Middle East and North Africa,Bahrain,Beverages,Emily Chapman,Online,L,6/24/2015,9.54E+08,7/28/2015,6899,47.45,31.79,327357.55,219319.21,108038.34,2015,6
Sub-Saharan Africa,Cote d'Ivoire,Cereal,Colin Knox,Online,L,7/30/2016,1.05E+08,8/25/2016,6115,205.7,117.11,1257855.5,716127.65,541727.85,2016,7
Asia,Singapore,Cosmetics,Sean Tucker,Offline,L,10/23/2014,9.71E+08,11/10/2014,4483,437.2,263.33,1959967.6,1180508.39,779459.21,2014,10
Asia,Malaysia,Baby Food,Connor Sharp,Offline,M,12/16/2016,6.77E+08,12/29/2016,4820,255.28,159.42,1230449.6,768404.4,462045.2,2016,12
Europe,Albania,Baby Food,Oliver Nolan,Online,L,9/28/2015,4.74E+08,10/26/2015,1973,255.28,159.42,503667.44,314535.66,189131.78,2015,9
Sub-Saharan Africa,Gabon,Snacks,Ian Ellison,Online,L,4/16/2016,7.80E+08,5/5/2016,7824,152.58,97.44,1193785.92,762370.56,431415.36,2016,4
Europe,Poland,Snacks,Keith Metcalfe,Offline,L,3/27/2017,7.34E+08,3/30/2017,6283,152.58,97.44,958660.14,612215.52,346444.62,2017,3
Sub-Saharan Africa,Chad,Office Supplies,Adam Clarkson,Online,H,6/25/2014,4.45E+08,8/2/2014,8292,651.21,524.96,5399833.32,4352968.32,1046865,2014,6
Sub-Saharan Africa,Republic of the Congo,Clothes,Piers Newman,Online,H,7/29/2012,5.43E+08,9/11/2012,6826,109.28,35.84,745945.28,244643.84,501301.44,2012,7
Asia,Philippines,Fruits,Ian Chapman,Offline,L,5/4/2013,8.28E+08,6/1/2013,1888,9.33,6.92,17615.04,13064.96,4550.08,2013,5
Europe,France,Snacks,Alexandra Ince,Offline,M,2/2/2012,7.21E+08,2/15/2012,5516,152.58,97.44,841631.28,537479.04,304152.24,2012,2
Europe,Germany,Household,James Paige,Offline,H,7/24/2016,6.12E+08,8/1/2016,6777,668.27,502.54,4528865.79,3405713.58,1123152.21,2016,7
Sub-Saharan Africa,Uganda,Personal Care,Theresa Jackson,Online,M,11/4/2012,5.12E+08,12/12/2012,6769,81.73,56.67,553230.37,383599.23,169631.14,2012,11
Middle East and North Africa,Bahrain,Personal Care,Ella Short,Online,C,8/5/2014,5.03E+08,8/17/2014,3621,81.73,56.67,295944.33,205202.07,90742.26,2014,8
Middle East and North Africa,Jordan,Office Supplies,Faith Sutherland,Offline,M,10/22/2013,2.86E+08,10/28/2013,7497,651.21,524.96,4882121.37,3935625.12,946496.25,2013,10
Europe,Montenegro,Beverages,Elizabeth Stewart,Offline,L,12/1/2014,5.32E+08,1/3/2015,5586,47.45,31.79,265055.7,177578.94,87476.76,2014,12
Middle East and North Africa,Tunisia,Personal Care,Una Hunter,Offline,H,11/2/2015,6.35E+08,11/21/2015,7114,81.73,56.67,581427.22,403150.38,178276.84,2015,11
Europe,Germany,Cereal,Liam Rampling,Offline,M,10/7/2011,9.57E+08,11/4/2011,8335,205.7,117.11,1714509.5,976111.85,738397.65,2011,10
Europe,Italy,Snacks,Justin Reid,Online,L,2/9/2014,5.81E+08,3/21/2014,7536,152.58,97.44,1149842.88,734307.84,415535.04,2014,2
Europe,France,Office Supplies,Natalie Chapman,Offline,H,5/29/2016,4.59E+08,6/16/2016,33,651.21,524.96,21489.93,17323.68,4166.25,2016,5
Middle East and North Africa,Algeria,Baby Food,Joanne Scott,Online,L,4/8/2013,2.66E+08,5/23/2013,3175,255.28,159.42,810514,506158.5,304355.5,2013,4
Asia,Myanmar,Beverages,Heather Springer,Online,H,9/20/2011,6.45E+08,10/26/2011,1343,47.45,31.79,63725.35,42693.97,21031.38,2011,9
Europe,France,Vegetables,Julian Ogden,Offline,C,4/12/2012,9.60E+08,5/4/2012,947,154.06,90.93,145894.82,86110.71,59784.11,2012,4
Europe,Spain,Vegetables,Zoe Pullman,Online,C,10/2/2012,6.46E+08,10/25/2012,5429,154.06,90.93,836391.74,493658.97,342732.77,2012,10
Asia,Cambodia,Baby Food,Christian Greene,Offline,C,1/2/2012,5.57E+08,1/25/2012,264,255.28,159.42,67393.92,42086.88,25307.04,2012,1
Sub-Saharan Africa,The Gambia,Vegetables,Donna Clarkson,Online,M,9/30/2013,7.18E+08,11/10/2013,7956,154.06,90.93,1225701.36,723439.08,502262.28,2013,9
Europe,Russia,Baby Food,Robert Cameron,Offline,L,3/10/2015,7.76E+08,3/20/2015,3041,255.28,159.42,776306.48,484796.22,291510.26,2015,3
Europe,Belarus,Baby Food,Isaac Scott,Offline,H,10/26/2010,4.45E+08,10/31/2010,7088,255.28,159.42,1809424.64,1129968.96,679455.68,2010,10
Middle East and North Africa,Turkey,Beverages,Gabrielle Harris,Online,C,5/2/2011,8.61E+08,5/13/2011,3693,47.45,31.79,175232.85,117400.47,57832.38,2011,5
Sub-Saharan Africa,Kenya,Meat,Julian Simpson,Offline,C,2/19/2017,5.31E+08,2/20/2017,3488,421.89,364.69,1471552.32,1272038.72,199513.6,2017,2
Middle East and North Africa,Iran,Cosmetics,Simon Rampling,Offline,M,7/20/2014,2.82E+08,8/2/2014,9133,437.2,263.33,3992947.6,2404992.89,1587954.71,2014,7
Asia,Vietnam,Personal Care,Victor Howard,Offline,L,6/18/2017,1.09E+08,7/10/2017,321,81.73,56.67,26235.33,18191.07,8044.26,2017,6
Europe,Albania,Beverages,Owen Slater,Online,L,7/19/2010,5.32E+08,8/6/2010,8775,47.45,31.79,416373.75,278957.25,137416.5,2010,7
Central America and the Caribbean,Antigua and Barbuda,Clothes,Robert Carr,Offline,C,8/9/2013,3.36E+08,9/4/2013,3251,109.28,35.84,355269.28,116515.84,238753.44,2013,8
Sub-Saharan Africa,Senegal,Cereal,Heather Payne,Offline,M,3/23/2017,6.30E+08,4/30/2017,4534,205.7,117.11,932643.8,530976.74,401667.06,2017,3
Europe,Netherlands,Fruits,Anthony Miller,Online,L,10/31/2016,7.93E+08,12/2/2016,441,9.33,6.92,4114.53,3051.72,1062.81,2016,10
Europe,Russia,Fruits,Bernadette Cameron,Online,C,7/3/2016,7.22E+08,7/3/2016,822,9.33,6.92,7669.26,5688.24,1981.02,2016,7
Europe,Slovakia,Cosmetics,Robert Jones,Online,H,1/7/2010,3.87E+08,1/29/2010,2557,437.2,263.33,1117920.4,673334.81,444585.59,2010,1
Australia and Oceania,East Timor,Beverages,Lauren Ince,Offline,L,12/6/2014,2.76E+08,1/18/2015,4556,47.45,31.79,216182.2,144835.24,71346.96,2014,12
Central America and the Caribbean,Haiti,Vegetables,Stephen Baker,Offline,H,10/16/2015,9.49E+08,11/27/2015,2761,154.06,90.93,425359.66,251057.73,174301.93,2015,10
Middle East and North Africa,Yemen,Cereal,Blake Marshall,Online,H,5/10/2013,7.85E+08,5/26/2013,5147,205.7,117.11,1058737.9,602765.17,455972.73,2013,5
Australia and Oceania,Tuvalu,Cereal,Victoria Simpson,Online,C,3/27/2013,9.36E+08,5/15/2013,6719,205.7,117.11,1382098.3,786862.09,595236.21,2013,3
Sub-Saharan Africa,Liberia,Snacks,Gordon Mitchell,Offline,M,7/13/2014,3.70E+08,8/17/2014,4512,152.58,97.44,688440.96,439649.28,248791.68,2014,7
Asia,North Korea,Beverages,Paul Mitchell,Online,C,8/16/2013,8.29E+08,8/26/2013,2594,47.45,31.79,123085.3,82463.26,40622.04,2013,8
Asia,North Korea,Household,Wendy Walker,Online,M,7/14/2015,9.74E+08,8/7/2015,7063,668.27,502.54,4719991.01,3549440.02,1170550.99,2015,7
Europe,Romania,Household,Gabrielle Cameron,Online,H,12/23/2014,4.36E+08,1/3/2015,1050,668.27,502.54,701683.5,527667,174016.5,2014,12
Sub-Saharan Africa,Sao Tome and Principe,Cereal,Carol Rees,Offline,M,4/27/2015,2.67E+08,5/19/2015,9715,205.7,117.11,1998375.5,1137723.65,860651.85,2015,4
Middle East and North Africa,Bahrain,Fruits,Sophie Hill,Online,M,3/14/2017,6.88E+08,4/28/2017,5251,9.33,6.92,48991.83,36336.92,12654.91,2017,3
Middle East and North Africa,Somalia,Cosmetics,Gavin Stewart,Offline,M,10/2/2014,6.42E+08,11/2/2014,1881,437.2,263.33,822373.2,495323.73,327049.47,2014,10
Europe,Cyprus,Cereal,Rebecca Bond,Online,C,7/13/2014,9.42E+08,8/1/2014,861,205.7,117.11,177107.7,100831.71,76275.99,2014,7
Europe,United Kingdom,Beverages,Sarah MacDonald,Offline,C,7/31/2016,2.20E+08,8/13/2016,5477,47.45,31.79,259883.65,174113.83,85769.82,2016,7
Europe,Germany,Personal Care,Sebastian Ferguson,Offline,H,8/30/2010,7.79E+08,9/2/2010,6045,81.73,56.67,494057.85,342570.15,151487.7,2010,8
Middle East and North Africa,Somalia,Beverages,Justin Welch,Online,M,4/22/2010,9.43E+08,6/6/2010,4915,47.45,31.79,233216.75,156247.85,76968.9,2010,4
Australia and Oceania,New Zealand,Household,Boris Anderson,Offline,H,3/9/2011,9.05E+08,4/8/2011,1466,668.27,502.54,979683.82,736723.64,242960.18,2011,3
Middle East and North Africa,Kuwait,Meat,Kylie Nolan,Online,C,1/13/2010,4.81E+08,1/28/2010,7110,421.89,364.69,2999637.9,2592945.9,406692,2010,1
Asia,Japan,Cosmetics,Connor Metcalfe,Online,L,1/6/2016,4.54E+08,2/19/2016,289,437.2,263.33,126350.8,76102.37,50248.43,2016,1
Europe,Norway,Baby Food,Alan Lambert,Offline,H,8/17/2016,3.28E+08,9/10/2016,1476,255.28,159.42,376793.28,235303.92,141489.36,2016,8
Sub-Saharan Africa,Lesotho,Personal Care,Amy Arnold,Offline,C,10/22/2011,5.80E+08,10/23/2011,8177,81.73,56.67,668306.21,463390.59,204915.62,2011,10
Europe,Belgium,Cosmetics,Una Terry,Online,H,2/12/2010,4.04E+08,3/20/2010,9928,437.2,263.33,4340521.6,2614340.24,1726181.36,2010,2
Central America and the Caribbean,Honduras,Cosmetics,Pippa Vance,Offline,L,5/29/2017,8.66E+08,6/22/2017,3295,437.2,263.33,1440574,867672.35,572901.65,2017,5
Europe,Austria,Household,Sebastian Bell,Offline,C,4/17/2010,8.52E+08,5/13/2010,6878,668.27,502.54,4596361.06,3456470.12,1139890.94,2010,4
Middle East and North Africa,Oman,Baby Food,Jason Lawrence,Online,M,9/8/2015,2.19E+08,10/20/2015,6307,255.28,159.42,1610050.96,1005461.94,604589.02,2015,9
Middle East and North Africa,Oman,Baby Food,Benjamin Quinn,Offline,C,2/13/2016,2.42E+08,3/17/2016,9242,255.28,159.42,2359297.76,1473359.64,885938.12,2016,2
Europe,Spain,Snacks,Anna Cornish,Offline,M,2/16/2014,4.69E+08,2/16/2014,376,152.58,97.44,57370.08,36637.44,20732.64,2014,2
Middle East and North Africa,Afghanistan,Fruits,Oliver Walsh,Online,C,4/22/2013,9.68E+08,4/30/2013,6433,9.33,6.92,60019.89,44516.36,15503.53,2013,4
Central America and the Caribbean,Saint Vincent and the Grenadines,Cosmetics,Carol Peters,Offline,L,7/15/2014,9.75E+08,7/23/2014,1167,437.2,263.33,510212.4,307306.11,202906.29,2014,7
Europe,Iceland,Vegetables,Faith Paterson,Online,M,3/7/2012,2.48E+08,3/22/2012,365,154.06,90.93,56231.9,33189.45,23042.45,2012,3
Asia,Myanmar,Vegetables,Sean Wright,Offline,L,1/14/2013,4.16E+08,2/16/2013,6844,154.06,90.93,1054386.64,622324.92,432061.72,2013,1
Europe,Netherlands,Snacks,Trevor Bell,Offline,L,5/22/2017,9.28E+08,6/20/2017,5453,152.58,97.44,832018.74,531340.32,300678.42,2017,5
Europe,Slovakia,Vegetables,Alexander Bower,Online,M,3/23/2015,4.01E+08,3/31/2015,8071,154.06,90.93,1243418.26,733896.03,509522.23,2015,3
Middle East and North Africa,Bahrain,Fruits,Natalie Mills,Offline,H,9/28/2012,6.76E+08,11/6/2012,8610,9.33,6.92,80331.3,59581.2,20750.1,2012,9
Sub-Saharan Africa,Lesotho,Baby Food,Lily Graham,Online,L,6/6/2013,9.60E+08,7/4/2013,8012,255.28,159.42,2045303.36,1277273.04,768030.32,2013,6
Central America and the Caribbean,Cuba,Clothes,Theresa Parsons,Offline,L,4/2/2014,9.86E+08,5/19/2014,9250,109.28,35.84,1010840,331520,679320,2014,4
Middle East and North Africa,Afghanistan,Clothes,Faith Dickens,Offline,C,1/13/2017,5.51E+08,1/13/2017,2331,109.28,35.84,254731.68,83543.04,171188.64,2017,1
Australia and Oceania,Vanuatu,Cereal,Amelia James,Online,L,2/3/2017,8.77E+08,2/16/2017,9289,205.7,117.11,1910747.3,1087834.79,822912.51,2017,2
Asia,Bhutan,Beverages,Isaac Dowd,Offline,M,8/5/2014,5.55E+08,9/19/2014,9192,47.45,31.79,436160.4,292213.68,143946.72,2014,8
Australia and Oceania,Palau,Cereal,Katherine Dowd,Offline,L,10/6/2010,4.94E+08,10/23/2010,3139,205.7,117.11,645692.3,367608.29,278084.01,2010,10
Asia,Indonesia,Personal Care,Bella Gray,Online,H,9/10/2011,7.78E+08,10/23/2011,9259,81.73,56.67,756738.07,524707.53,232030.54,2011,9
Europe,Andorra,Baby Food,Ella Bell,Offline,C,12/12/2016,2.06E+08,1/27/2017,7714,255.28,159.42,1969229.92,1229765.88,739464.04,2016,12
Middle East and North Africa,Algeria,Office Supplies,James Churchill,Online,C,10/26/2015,3.52E+08,12/5/2015,5696,651.21,524.96,3709292.16,2990172.16,719120,2015,10
Australia and Oceania,Vanuatu,Cosmetics,Gavin Duncan,Offline,C,10/14/2013,6.07E+08,10/14/2013,2429,437.2,263.33,1061958.8,639628.57,422330.23,2013,10
North America,Mexico,Baby Food,Ella Brown,Online,H,8/17/2013,4.34E+08,9/28/2013,4168,255.28,159.42,1064007.04,664462.56,399544.48,2013,8
Europe,Macedonia,Fruits,Ryan North,Offline,M,8/7/2011,7.16E+08,9/20/2011,9199,9.33,6.92,85826.67,63657.08,22169.59,2011,8
Central America and the Caribbean,Panama,Personal Care,Zoe Dowd,Online,H,5/22/2016,6.06E+08,6/12/2016,2838,81.73,56.67,231949.74,160829.46,71120.28,2016,5
Asia,Nepal,Cereal,Jasmine Pullman,Offline,H,1/13/2015,6.77E+08,1/15/2015,2436,205.7,117.11,501085.2,285279.96,215805.24,2015,1
Asia,Nepal,Fruits,Eric Quinn,Online,C,7/22/2014,6.74E+08,7/29/2014,2371,9.33,6.92,22121.43,16407.32,5714.11,2014,7
Sub-Saharan Africa,Mauritius,Cereal,Edward Skinner,Offline,C,6/25/2015,8.60E+08,7/10/2015,9055,205.7,117.11,1862613.5,1060431.05,802182.45,2015,6
Sub-Saharan Africa,Sao Tome and Principe,Clothes,Joan Parsons,Online,H,8/10/2015,6.69E+08,9/26/2015,5930,109.28,35.84,648030.4,212531.2,435499.2,2015,8
Central America and the Caribbean,Saint Vincent and the Grenadines,Fruits,Adrian Roberts,Offline,L,10/19/2013,9.58E+08,11/21/2013,8470,9.33,6.92,79025.1,58612.4,20412.7,2013,10
Asia,Maldives,Personal Care,Lauren Skinner,Online,M,10/9/2013,8.49E+08,11/23/2013,9180,81.73,56.67,750281.4,520230.6,230050.8,2013,10
Sub-Saharan Africa,Swaziland,Personal Care,Alexandra Clarkson,Offline,H,9/26/2012,8.90E+08,10/14/2012,2595,81.73,56.67,212089.35,147058.65,65030.7,2012,9
Middle East and North Africa,Morocco,Cereal,Edward King,Online,H,10/2/2012,7.95E+08,10/26/2012,284,205.7,117.11,58418.8,33259.24,25159.56,2012,10
Asia,Maldives,Clothes,Sam Blake,Offline,M,12/11/2016,8.01E+08,1/28/2017,5844,109.28,35.84,638632.32,209448.96,429183.36,2016,12
Sub-Saharan Africa,Zimbabwe,Fruits,Victoria Bell,Offline,C,7/26/2010,3.14E+08,8/9/2010,9907,9.33,6.92,92432.31,68556.44,23875.87,2010,7
Asia,India,Cereal,Steven Harris,Online,C,3/27/2010,1.60E+08,4/6/2010,5132,205.7,117.11,1055652.4,601008.52,454643.88,2010,3
Asia,Tajikistan,Beverages,Stewart Blake,Offline,C,9/11/2014,3.37E+08,9/22/2014,1212,47.45,31.79,57509.4,38529.48,18979.92,2014,9
Sub-Saharan Africa,Lesotho,Snacks,Amelia Henderson,Offline,M,3/9/2016,4.61E+08,3/15/2016,9872,152.58,97.44,1506269.76,961927.68,544342.08,2016,3
Asia,Bhutan,Office Supplies,Heather Lyman,Offline,M,10/19/2011,2.21E+08,11/10/2011,9865,651.21,524.96,6424186.65,5178730.4,1245456.25,2011,10
Central America and the Caribbean,Trinidad and Tobago,Snacks,Keith Hughes,Offline,L,10/31/2014,7.24E+08,12/20/2014,1978,152.58,97.44,301803.24,192736.32,109066.92,2014,10
Australia and Oceania,Tuvalu,Fruits,Joseph Oliver,Offline,L,2/23/2013,4.48E+08,3/11/2013,4028,9.33,6.92,37581.24,27873.76,9707.48,2013,2
Middle East and North Africa,Iraq,Clothes,Joshua Vance,Offline,L,10/25/2010,1.91E+08,11/9/2010,5864,109.28,35.84,640817.92,210165.76,430652.16,2010,10
Sub-Saharan Africa,The Gambia,Vegetables,Dan Terry,Offline,L,10/4/2016,8.23E+08,10/30/2016,4366,154.06,90.93,672625.96,397000.38,275625.58,2016,10
Middle East and North Africa,Bahrain,Beverages,Luke Parr,Online,C,9/4/2010,1.33E+08,10/17/2010,8445,47.45,31.79,400715.25,268466.55,132248.7,2010,9
Middle East and North Africa,Qatar,Meat,Rose Howard,Online,H,12/22/2014,4.80E+08,2/7/2015,4043,421.89,364.69,1705701.27,1474441.67,231259.6,2014,12
Sub-Saharan Africa,Angola,Household,Jake Nolan,Offline,H,4/8/2015,2.44E+08,5/11/2015,9135,668.27,502.54,6104646.45,4590702.9,1513943.55,2015,4
Central America and the Caribbean,Costa Rica,Cosmetics,Samantha Pullman,Online,L,3/2/2017,5.74E+08,4/6/2017,8724,437.2,263.33,3814132.8,2297290.92,1516841.88,2017,3
Australia and Oceania,Papua New Guinea,Household,Victor Dyer,Online,M,3/14/2012,4.42E+08,5/3/2012,9847,668.27,502.54,6580454.69,4948511.38,1631943.31,2012,3
Middle East and North Africa,Qatar,Clothes,Gordon Hudson,Offline,C,11/22/2011,6.88E+08,12/2/2011,6571,109.28,35.84,718078.88,235504.64,482574.24,2011,11
Central America and the Caribbean,Saint Kitts and Nevis,Clothes,Molly Underwood,Offline,H,9/8/2013,8.72E+08,9/25/2013,4995,109.28,35.84,545853.6,179020.8,366832.8,2013,9
Sub-Saharan Africa,Sierra Leone,Fruits,Donna Ince,Offline,C,4/23/2012,6.27E+08,4/29/2012,8250,9.33,6.92,76972.5,57090,19882.5,2012,4
Europe,Russia,Fruits,Blake Hardacre,Online,M,2/14/2011,1.04E+08,3/12/2011,1495,9.33,6.92,13948.35,10345.4,3602.95,2011,2
Europe,Lithuania,Vegetables,Fiona Rutherford,Offline,M,10/6/2010,4.24E+08,10/22/2010,6923,154.06,90.93,1066557.38,629508.39,437048.99,2010,10
Europe,United Kingdom,Vegetables,Lauren Peters,Online,L,12/8/2012,5.30E+08,1/3/2013,8759,154.06,90.93,1349411.54,796455.87,552955.67,2012,12
Asia,Indonesia,Personal Care,Kevin Springer,Offline,H,8/17/2016,3.35E+08,10/3/2016,8256,81.73,56.67,674762.88,467867.52,206895.36,2016,8
Asia,Mongolia,Beverages,Joe Dowd,Offline,M,4/23/2014,2.71E+08,5/24/2014,8702,47.45,31.79,412909.9,276636.58,136273.32,2014,4
Middle East and North Africa,Egypt,Office Supplies,Angela Henderson,Online,C,11/18/2010,8.41E+08,12/8/2010,413,651.21,524.96,268949.73,216808.48,52141.25,2010,11
Sub-Saharan Africa,Comoros,Household,Colin Pullman,Online,M,4/22/2012,3.70E+08,5/9/2012,5738,668.27,502.54,3834533.26,2883574.52,950958.74,2012,4
Europe,Slovenia,Household,Cameron Powell,Offline,M,4/5/2014,8.50E+08,4/21/2014,4057,668.27,502.54,2711171.39,2038804.78,672366.61,2014,4
Middle East and North Africa,Lebanon,Beverages,Anne Jones,Online,M,6/21/2013,2.96E+08,7/13/2013,6781,47.45,31.79,321758.45,215567.99,106190.46,2013,6
Australia and Oceania,Australia,Cosmetics,Katherine Hughes,Offline,L,7/13/2011,3.93E+08,8/13/2011,2352,437.2,263.33,1028294.4,619352.16,408942.24,2011,7
Central America and the Caribbean,Haiti,Snacks,Natalie Mathis,Online,M,2/1/2011,6.45E+08,3/21/2011,1245,152.58,97.44,189962.1,121312.8,68649.3,2011,2
Central America and the Caribbean,Saint Kitts and Nevis,Meat,Rose Poole,Online,L,1/27/2012,6.27E+08,2/16/2012,963,421.89,364.69,406280.07,351196.47,55083.6,2012,1
Middle East and North Africa,Syria,Vegetables,Sally Cornish,Offline,M,6/24/2015,4.34E+08,7/1/2015,1044,154.06,90.93,160838.64,94930.92,65907.72,2015,6
Asia,Laos,Snacks,Frank Walker,Offline,M,1/3/2012,2.32E+08,1/8/2012,8054,152.58,97.44,1228879.32,784781.76,444097.56,2012,1
Central America and the Caribbean,Saint Kitts and Nevis,Cereal,Jan May,Offline,H,2/21/2016,7.08E+08,3/19/2016,592,205.7,117.11,121774.4,69329.12,52445.28,2016,2
Sub-Saharan Africa,Sudan,Vegetables,Olivia Mitchell,Offline,H,12/4/2016,8.17E+08,12/22/2016,4288,154.06,90.93,660609.28,389907.84,270701.44,2016,12
Central America and the Caribbean,Guatemala,Meat,Wanda Clark,Offline,H,1/16/2012,9.36E+08,2/29/2012,6803,421.89,364.69,2870117.67,2480986.07,389131.6,2012,1
Asia,Brunei,Clothes,Keith Welch,Offline,H,8/6/2011,6.13E+08,8/9/2011,2830,109.28,35.84,309262.4,101427.2,207835.2,2011,8
Middle East and North Africa,Jordan,Clothes,Paul Walsh,Online,M,8/12/2011,8.13E+08,8/22/2011,9092,109.28,35.84,993573.76,325857.28,667716.48,2011,8
Central America and the Caribbean,Panama,Meat,Sam Reid,Offline,C,12/18/2012,7.75E+08,1/5/2013,9344,421.89,364.69,3942140.16,3407663.36,534476.8,2012,12
Sub-Saharan Africa,Central African Republic,Household,Pippa Payne,Online,H,1/10/2010,2.57E+08,2/19/2010,9372,668.27,502.54,6263026.44,4709804.88,1553221.56,2010,1
Middle East and North Africa,Bahrain,Beverages,Piers Dickens,Offline,M,2/28/2017,8.87E+08,3/31/2017,1993,47.45,31.79,94567.85,63357.47,31210.38,2017,2
Sub-Saharan Africa,Burundi,Beverages,Lucas Duncan,Online,C,12/8/2011,3.13E+08,12/16/2011,2057,47.45,31.79,97604.65,65392.03,32212.62,2011,12
Europe,Austria,Cereal,Ian Dowd,Online,L,8/18/2014,7.54E+08,9/13/2014,1443,205.7,117.11,296825.1,168989.73,127835.37,2014,8
Australia and Oceania,Fiji,Beverages,Jonathan Murray,Offline,H,4/19/2016,4.49E+08,4/22/2016,4062,47.45,31.79,192741.9,129130.98,63610.92,2016,4
Australia and Oceania,Fiji,Clothes,Ian Parsons,Offline,M,11/6/2012,4.08E+08,12/24/2012,856,109.28,35.84,93543.68,30679.04,62864.64,2012,11
Europe,Switzerland,Snacks,Victor Robertson,Online,H,5/27/2016,3.60E+08,6/23/2016,4800,152.58,97.44,732384,467712,264672,2016,5
Middle East and North Africa,Yemen,Office Supplies,Andrea Hart,Offline,M,8/18/2013,1.06E+08,8/19/2013,5898,651.21,524.96,3840836.58,3096214.08,744622.5,2013,8
Sub-Saharan Africa,Comoros,Personal Care,Lucas Hodges,Offline,H,12/31/2014,8.65E+08,2/11/2015,6186,81.73,56.67,505581.78,350560.62,155021.16,2014,12
Sub-Saharan Africa,Democratic Republic of the Congo,Office Supplies,Kimberly Lyman,Online,C,2/4/2013,3.29E+08,2/12/2013,4732,651.21,524.96,3081525.72,2484110.72,597415,2013,2
Asia,Mongolia,Clothes,Natalie Pullman,Offline,H,9/23/2016,3.08E+08,10/18/2016,2633,109.28,35.84,287734.24,94366.72,193367.52,2016,9
Australia and Oceania,Palau,Household,Leah Turner,Offline,L,11/1/2016,8.84E+08,11/2/2016,8021,668.27,502.54,5360193.67,4030873.34,1329320.33,2016,11
Europe,Monaco,Snacks,Oliver Nash,Offline,M,12/27/2012,8.59E+08,1/9/2013,1057,152.58,97.44,161277.06,102994.08,58282.98,2012,12
Australia and Oceania,Fiji,Cereal,Dan Kerr,Online,L,3/10/2017,9.03E+08,4/3/2017,8932,205.7,117.11,1837312.4,1046026.52,791285.88,2017,3
Sub-Saharan Africa,Mali,Beverages,Carol Hodges,Online,L,3/17/2012,4.10E+08,3/26/2012,870,47.45,31.79,41281.5,27657.3,13624.2,2012,3
Sub-Saharan Africa,Liberia,Cereal,Olivia Gill,Offline,H,12/17/2015,6.43E+08,1/20/2016,3126,205.7,117.11,643018.2,366085.86,276932.34,2015,12
Europe,Switzerland,Beverages,Sue Glover,Offline,L,2/18/2017,6.83E+08,3/16/2017,3987,47.45,31.79,189183.15,126746.73,62436.42,2017,2
Australia and Oceania,Samoa,Baby Food,Victoria MacLeod,Online,L,11/5/2016,5.84E+08,11/5/2016,8769,255.28,159.42,2238550.32,1397953.98,840596.34,2016,11
Asia,Nepal,Meat,Theresa Hart,Offline,C,4/9/2017,9.20E+08,5/18/2017,4821,421.89,364.69,2033931.69,1758170.49,275761.2,2017,4
Middle East and North Africa,Azerbaijan,Snacks,Owen Hill,Offline,C,4/18/2010,5.34E+08,4/25/2010,6524,152.58,97.44,995431.92,635698.56,359733.36,2010,4
Europe,Georgia,Baby Food,Joan Rutherford,Offline,H,8/1/2011,5.91E+08,9/7/2011,288,255.28,159.42,73520.64,45912.96,27607.68,2011,8
Middle East and North Africa,United Arab Emirates,Vegetables,Andrea Wright,Online,C,5/12/2011,5.24E+08,6/28/2011,9556,154.06,90.93,1472197.36,868927.08,603270.28,2011,5
Europe,Finland,Household,Bernadette Hill,Offline,L,1/25/2016,2.90E+08,2/14/2016,9801,668.27,502.54,6549714.27,4925394.54,1624319.73,2016,1
Europe,Portugal,Cereal,Keith Graham,Offline,C,4/10/2014,8.12E+08,5/8/2014,3528,205.7,117.11,725709.6,413164.08,312545.52,2014,4